2814 4754
323 439 376 500 oc
401 393 532 500 ilatio
559 363 964 506 &acuminavit
989 537 993 544 Ι
1069 445 1140 520 243

148 596 261 691 mitti,
282 595 396 699 jubet.
432 597 505 675 His
520 597 625 674 rebus
641 595 797 673 celeriter
808 595 860 690 id,
880 596 978 697 quod
996 593 1145 674 Avarici·

147 721 363 822 deperierat,
387 711 561 821 expletur.
609 718 755 796 Interim
769 718 1018 810 Teutomatus,
1039 717 1142 792 Ollo-

149 842 290 920 riconis
306 842 413 936 filius,
436 867 498 918 rex
510 839 773 941 Nitiobrigum‚
792 837 888 941 cujus
906 857 1005 938 pater
1020 839 1067 915 ab
1090 836 1142 917 se·

148 984 238 1040 natu
265 963 383 1046 nostro
406 963 540 1040 amicus
565 983 639 1037 crat
661 961 870 1059 adpellatus,
900 985 983 1035 cum
1010 983 1144 1060 magno

150 1081 321 1186 equitum
338 1082 482 1160 suorum
507 1107 671 1173 numero,
704 1085 739 1156 δι
767 1105 856 1180 quos
879 1103 923 1156 ex
953 1079 1145 1185 Aquitania

150 1206 391 1296 conduxerat,
420 1205 568 1278 adeum
584 1200 756 1301 pervenit.
871 1235 874 1244 ·
1020 1289 1021 1292 Ἴ

204 1327 369 1402 XXXII.
392 1319 506 1400 Caesar
522 1321 663 1398 Avarici
680 1323 879 1421 complures
895 1321 968 1398 dics
983 1345 1142 1398 commo·

152 1463 265 1536 ratus,
294 1442 539 1544 summamque
566 1443 617 1520 ibi
634 1442 777 1543 copiam
800 1441 981 1535 frumenti,
1008 1446 1044 1517 ἃ
1065 1442 1146 1516 reli-

155 1565 220 1666 qui
237 1583 455 1640 commeatus
471 1567 608 1658 notius,
631 1566 823 1642 exercitum
838 1589 883 1641 ex
902 1565 1021 1640 labore
1040 1582 1149 1664 atque

153 1685 278 1786 inopia
292 1682 424 1762 refecit.
475 1687 558 1784 Jarn
575 1712 686 1786 prope
702 1685 818 1762 hicme
840 1685 1012 1780 confecta,
1036 1711 1149 1788 quum

155 1803 231 1907 ipso
246 1806 332 1880 anni
346 1825 508 1906 tempore
522 1808 568 1883 ad
587 1809 779 1906 gerendum
796 1809 933 1882 bellum
948 1829 1146 1901 vocaretur,

128 2021 135 2025 ,
158 1931 195 2004 &
212 1927 260 2002 ad
280 1925 418 2003 hostem
435 1924 610 2025 proficisci
635 1924 885 2026 copstituiffet;
912 1932 980 2003 srve
1003 1954 1087 2003 eum
1102 1953 1150 2026 ert

158 2045 350 2149 paludibus
366 2045 527 2146 stivisque
542 2045 680 2139 elicere,
708 2052 777 2123 srve
794 2046 974 2123 obfidione
992 2069 1150 2146 premere

127 2225 128 2230 ,
160 2171 299 2271 polset3
325 2167 435 2268 legati
462 2168 508 2241 ad
535 2191 620 2243 curn
643 2167 817 2270 principes
836 2167 1036 2246 AEduorum
1053 2165 1153 2243 veni·

160 2295 242 2380 unt,
255 2306 408 2380 oratum,
427 2293 456 2332 “
470 2307 507 2363 ut
519 2288 673 2367 maxime
688 2290 875 2372 necoffario
887 2309 1045 2390 tempore
1061 2289 1150 2365 civi·

161 2409 275 2484 “tati
298 2406 504 2491 subveniats
536 2411 674 2488 summo
701 2415 770 2489 offe
800 2413 838 2496 in
864 2414 1020 2512 periculo
1048 2437 1151 2498 rem;

164 2536 194 2575 “
213 2532 326 2631 quod,
354 2557 468 2634 quum
484 2532 609 2634 singuli
632 2527 854 2636 magistratus
869 2533 1061 2633 antiquitus
1079 2557 1151 2607 cre·
1181 2602 1183 2610 .

165 2655 194 2694 “
210 2650 277 2745 ari,
303 2669 411 2753 atque
437 2653 571 2755 regiam
599 2656 804 2754 potestatem
832 2679 966 2732 annum
995 2653 1156 2730 obtinere

167 2768 443 2886 “tconsueffent,
481 2777 555 2851 duo
593 2777 837 2878 magistratum
871 2797 1015 2878 gerant3
1052 2780 1087 2851 δι
1119 2773 1159 2850 se-

139 2891 142 2898 ’
166 2887 196 2937 “
210 2895 363 2994 'uterque
378 2918 501 2970 eorum
516 2894 654 2995 legibus
668 2920 825 2973 creatum
841 2901 910 2974 effe
921 2897 1028 2974 dicat.
1070 2899 1154 2974 Ho-

168 3017 199 3058 “
215 3036 298 3086 rum
325 3015 394 3096 effe
426 3015 577 3089 alterum
604 3015 936 3110 Conuictolitauem,
971 3022 1157 3093 florentem

167 3137 199 3180 “
217 3131 449 3208 &inlustrem
462 3133 717 3210 adolescentem
729 3162 741 3222 ς
765 3136 912 3210 alterum
924 3136 1073 3227 Cotum,
1095 3161 1157 3210 an-

167 3251 200 3298 “
215 3250 402 3352 tiquiffima'
420 3249 706 3362 familiariorum,
728 3273 835 3352 atque
850 3254 963 3354 ipsum
975 3253 1159 3336 hominem

169 3369 363 3466 ‘flummae
387 3371 567 3474 potentiae,
595 3377 630 3449 lt
650 3401 789 3475 magnae
806 3375 1038 3477 cognationis,
1064 3373 1171 3476 cujus.

172 3482 200 3570 ‘f
217 3491 322 3572 frater
336 3493 533 3588 Valetiacus
554 3495 722 3596 proximo
739 3522 832 3572 anno
848 3498 1015 3573 cumdem
1032 3497 1159 3599 magis-

172 3617 202 3664 “
217 3633 348 3695 tratum
365 3617 503 3719 gelierit
518 3645 528 3696 s
555 3616 735 3699 civitatem
748 3645 893 3696 omnem
906 3621 974 3708 else
989 3619 1026 3695 in
1038 3619 1159 3712 armis,

174 3737 203 3784 ‘⁶
220 3734 370 3824 divisum
387 3737 559 3835 senatum,
580 3736 732 3816 divisum
748 3743 927 3850 populum
942 3741 981 3826 in
996 3741 1071 3827 suas
1095 3767 1158 3826 cu-

632 3861 717 3944 Ra
