2814 4754
355 472 406 524 ιιι
430 451 561 526 Burro
590 447 779 524 Granico
804 443 896 522 Lm.
914 445 978 522 vl.
1093 467 1159 548 197

170 630 204 672 “
220 623 451 704 artificiorum
467 623 565 701 iniria
585 623 783 712 transdere3
806 625 949 722 Jovem,
971 621 1161 726 imperium

166 751 201 794 “
218 747 419 824 coelestium
434 765 571 837 tenere3
589 749 760 841 Martem,
778 747 872 823 bella
883 769 1016 848 regere.
1041 729 1160 840 Huic,

163 873 197 914 ‘⁶
217 867 334 970 quom
354 867 481 970 proelio
503 869 672 948 dimicare
700 867 969 960 constituerunt,
999 891 1053 960 ea,
1078 893 1160 971 quae

165 993 199 1034 “
218 990 318 1066 bello
333 985 503 1092 ceperint,
531 993 741 1091 plerumque
762 991 953 1066 devovent.
994 991 1087 1088 Qrae
1105 986 1161 1064 su·

164 1116 198 1157 ‘⁶
219 1111 433 1212 peraticum,
468 1110 633 1189 animalia
658 1129 763 1210 capta
789 1103 984 1184 inmolant:
1014 1109 1164 1248 reliquas

164 1237 200 1279 “
221 1233 331 1308 resin
345 1257 460 1307 unum
480 1233 603 1308 locum
627 1225 824 1307 conserunt.
866 1228 1027 1305 Multis
1018 1255 1055 1304 ιιι
1075 1231 1163 1307 civi·

163 1357 201 1400 “
221 1353 354 1429 tatibus
383 1353 512 1428 harum
540 1377 660 1429 rerum
676 1349 869 1428 exstructos
895 1351 1052 1427 tumulos
1079 1351 1164 1462 locis

167 1476 203 1518 ‘⁸
223 1472 429 1555 consecratis
450 1471 639 1574 conspicari
662 1473 754 1550 licet.
803 1473 935 1572 Neque
957 1449 1048 1572 sape
1071 1472 1164 1550 acci·

168 1598 205 1642 “
221 1593 290 1688 dit,
314 1614 367 1688 ut,
391 1595 553 1697 neglesla
573 1593 746 1696 quispiam
761 1592 945 1696 religione,
974 1612 1036 1669 aut
1059 1613 1164 1695 capta

169 1720 204 1762 “
221 1717 328 1816 apud
335 1715 374 1793 se
398 1718 588 1809 occultare,
622 1737 682 1792 aut
709 1719 820 1816 posrta
842 1716 963 1793 tollere
989 1716 1161 1806 auderet3

169 1841 204 1881 “
222 1836 578 1938 graviffimumque
549 1863 582 1912 er
598 1838 646 1914 rei
670 1836 882 2006 subplicium
900 1863 984 1914 cum
1006 1837 1163 1914 cruciatu

171 1961 204 2003 “
221 1949 450 2034 constitutum
464 1957 553 2035 estl’
1217 1948 1221 1956 ’

221 2079 360 2154 XVIII.
386 2078 530 2157 “Galli
559 2076 594 2154 se
619 2102 743 2152 omnes
766 2079 812 2153 ab
829 2075 914 2152 Dite
938 2094 1033 2178 patre
1055 2101 1163 2178 prog-

118 2223 123 2228 ·
173 2203 205 2245 “
223 2217 327 2276 natos
314 2199 555 2312 pradicant.
582 2197 697 2296 idque
706 2199 752 2273 ab
772 2195 967 2274 Druidibus
983 2196 1164 2297 proditum

174 2326 206 2366 ‘⁶
223 2317 359 2395 dicunt.
393 2321 454 2395 Ob
473 2345 551 2396 eam
567 2321 721 2395 caussam
737 2317 844 2420 spatia
854 2319 967 2395 omnis
979 2317 1161 2420 temporis,

173 2445 294 2516 “non
310 2441 627 2554 numero·dierum,
645 2439 703 2517 sod
715 2441 887 2534 nostium,
912 2443 1039 2520 finiunt
1053 2468 1064 2516 ι
1077 2433 1162 2517 'dies

174 2567 206 2610 “
223 2562 368 2656 natales,
393 2565 429 2637 &
445 2567 630 2658 mensum,
662 2567 697 2639 br
713 2589 886 2638 annorum
904 2562 1000 2640 initia
1022 2565 1069 2638 sic
1094 2564 1160 2640 ob·

176 2688 205 2729 “
220 2682 369 2776 servant,
394 2704 433 2760 ut
461 2685 603 2762 nossem
625 2685 699 2761 dies
727 2683 962 2786 subsequatur.
1012 2683 1056 2758 In
1083 2667 1162 2758 'reli-

159 2930 204 3042 f‘
221 2920 320 3024 quod
332 2925 409 3000 suos
422 2925 563 3017 liberos,
577 2926 639 3000 nisi
650 2951 764 3026 quum
779 2927 1008 3020 adoleverint,
1019 2947 1061 3001 ut
1079 2953 1159 3001 mu-

175 3050 206 3092 “
224 3069 292 3120 nus
307 3044 440 3122 militia
461 3044 629 3122 sustinere
645 3048 785 3145 poffint,
814 3049 930 3146 palam
946 3047 993 3123 ad
1009 3046 1044 3122 se
1067 3045 1163 3120 adire

143 3177 148 3183 '
173 3171 203 3214 “
220 3185 294 3242 non
297 3165 513 3301 'patiuntur3
532 3165 719 3264 filiumque
735 3167 1018 3278 pueriliaetatein
1043 3145 1162 3267 publi·

177 3291 207 3333 “
224 3311 282 3379 co,
295 3284 333 3362 in
349 3285 537 3386 conspeetu
550 3285 652 3387 patris
664 3285 837 3378 adsistere,
854 3307 954 3388 turpe
965 3290 1113 3363 ducunt.
1114 3286 1139 3320 '’
1206 3315 1208 3328 ·

223 3409 329 3488 XIX.
356 3413 386 3453 “
411 3407 500 3504 Viri,
538 3425 685 3510 quantas
717 3407 883 3511 pecunias
914 3411 961 3486 ab
994 3407 1162 3486 uxoribus

176 3528 316 3606 “dotis
342 3529 485 3606 nomine
501 3517 727 3632 acceperunt,
750 3550 861 3608 tantas
877 3555 923 3608 ex
946 3527 1015 3607 suis
1043 3533 1159 3628 bonis,

178 3655 207 3697 “
223 3651 452 3732 aestimatione
474 3651 580 3748 saera,
609 3679 694 3730 cum
716 3653 860 3731 dotibus
883 3653 1160 3734 communicant.

179 3769 343 3874 “Hujus
370 3773 487 3854 omnis
514 3774 673 3878 pecunia
696 3774 913 3879 conjunuim
936 3757 1023 3857 ratio
1049 3763 1172 3855 habe?
