2866 4754
417 351 469 463 or
486 386 618 463 Brito
636 379 823 462 Gattreo
848 378 940 460 Ltn.
955 378 1019 457 111.
1161 381 1180 457 8
1185 403 1205 482 3

278 548 339 632 Vl.
362 558 474 657 Qtod
494 555 575 657 julli
596 555 688 649 sunt,
712 555 866 642 faciunt3
892 578 933 629 ac
956 549 1070 628 subito
1090 550 1207 626 omni·

226 669 294 752 bus
323 677 432 777 portis
460 677 641 777 emptione
668 676 771 770 faeta,
806 699 923 776 neque
955 665 1205 774 cognoscendi,

225 796 314 896 quid
337 801 450 890 fieret,
476 824 591 898 neque
616 797 666 874 sui
687 797 890 896 conligendi
915 795 1071 871 hostibus
1096 791 1213 882 facul„

189 974 192 984 .
224 936 335 992 tatem
362 919 575 1019 relinquunt.
625 922 679 992 lta
704 935 920 992 commutata
948 915 1101 1006 fortuna,
1130 939 1204 1006 eos,

224 1037 288 1136 qui
321 1039 358 1112 in
397 1038 495 1140 spem
525 1039 779 1138 potiundorum
808 1037 997 1112 castrorum
1024 1055 1205 1127 venerant,

223 1158 382 1254 undique
399 1160 670 1249 circumventos,
699 1158 928 1248 interficiunt,
959 1162 992 1230 δι
1019 1181 1065 1230 ex
1090 1155 1206 1230 homi·

223 1303 316 1351 num
332 1269 476 1352 milibus
492 1275 644 1375 amplius
660 1305 756 1370 xxx,
785 1304 892 1378 quem
919 1301 1107 1351 numerum
1127 1278 1206 1350 bar·

225 1399 390 1471 batorum
420 1399 465 1472 ad
489 1399 596 1473 castra
623 1399 750 1474 venisse
775 1398 970 1488 constabat,
1003 1399 1081 1496 plus
1109 1395 1213 1486 tertia¹

221 1536 320 1616 parte
334 1517 525 1610 interfecta,
543 1519 701 1618 reliquos¹
714 1521 912 1619 perterritos
928 1519 966 1594 in
983 1518 1105 1620 fugam
1122 1543 1207 1594 con·

213 1636 357 1738 jiciunt,
387 1665 442 1730 ao,
467 1663 512 1714 ne
528 1640 565 1715 iu
582 1639 667 1715 locis
684 1641 829 1740 quidem
849 1639 1095 1739 superioribus,
1120 1665 1203 1715 con·

220 1758 330 1840 fistere
346 1760 533 1857 patiuntur.
568 1761 623 1836 Sic
636 1761 800 1836 omnibus
816 1761 968 1836 hostium
985 1761 1097 1859 copiis
1113 1759 1207 1851 fofis,

219 1877 395 1979 armisque
417 1878 557 1972 exsutis‚
582 1881 618 1954 se
645 1881 682 1954 in
697 1882 808 1956 castra
829 1879 1106 1976 munitionesque
1132 1879 1208 1954 suas

220 1997 407 2097 recipiunt,
458 2000 545 2098 Qu
575 2000 702 2097 proelio
728 2000 836 2090 fael0,
866 1999 964 2098 quod
988 1998 1111 2096 saepius
1137 1997 1206 2073 for-

218 2137 345 2196 tunam
368 2139 502 2192 tentare
519 2121 635 2193 Galba
652 2122 808 2211 nolebat,
830 2140 936 2219 atque
953 2119 1023 2193 alio
1044 2118 1078 2192 se
1097 2118 1134 2192 in
1152 2119 1206 2193 hi-

220 2241 335 2313 berna
364 2239 507 2312 confilio
531 2239 661 2313 venisse
688 2241 905 2332 meminerat,
932 2241 1006 2316 aliis
1022 2238 1208 2315 occurriffe

219 2359 325 2433 rebus
353 2358 500 2450 viderat,
537 2361 691 2435 maxime
718 2359 893 2452 frumenti,
923 2359 1207 2460 commeatusque

220 2478 342 2576 inopia
372 2497 566 2578 permotus,
595 2481 731 2580 postero
761 2485 818 2558 die
846 2483 1010 2559 omnibus
1038 2480 1110 2582 ejus
1138 2481 1206 2558 vici

221 2598 378 2674 edificiis
403 2598 563 2694 incensis,
598 2601 635 2675 in
664 2603 884 2701 provinciam
911 2603 1034 2677 reverti
1059 2620 1203 2678 conten·
1249 2697 1251 2708 Ι

217 2718 298 2807 dit3
324 2746 379 2812 ac,
413 2723 510 2798 nullo
537 2721 638 2797 hoste
663 2724 883 2822 prohibente,
907 2744 966 2799 aut
990 2723 1055 2799 iter
1078 2725 1202 2800 demo·

222 2857 332 2931 rante,
366 2840 583 2918 incolumem
613 2843 792 2944 legionem
825 2847 861 2919 in
888 2844 1089 2936 Nantuatis,
1121 2845 1206 2920 i'nde

221 2957 259 3037 in
277 2963 506 3064 Allobrogas,
528 2965 705 3063 perduxit,
735 2965 855 3064 ibique
871 2965 1053 3040 hiemavit.

272 3085 350 3158 Vll.
375 3083 447 3159 His
458 3089 561 3161 rebus
580 3085 696 3182 gestis,
715 3111 827 3185 quom
844 3085 1008 3159 omnibus
1024 3085 1071 3158 de
1086 3085 1213 3178 cauliit¹

219 3204 334 3279 Caesar
351 3223 513 3303 pacatam
529 3205 682 3278 Galliam
698 3205 925 3294 existimaret,
948 3202 1114 3302 superatis
1129 3204 1206 3277 Bel-

219 3323 288 3423 gis,
314 3325 465 3424 expulsis
481 3322 680 3414 Germanis,
708 3323 807 3397 victis
823 3323 859 3396 in
876 3323 1205 3421 Alpibueredunis,

219 3463 327 3544 atque
342 3447 405 3537 ita,
422 3445 507 3520 inita
523 3445 653 3536 hieme,
672 3447 707 3519 in
725 3445 906 3544 Illyricum
920 3443 1093 3543 prosechts
1108 3447 1203 3542 esset,

220 3567 320 3664 quod
339 3591 394 3641 eas
412 3591 555 3665 quoque
572 3565 728 3641 nationes
742 3565 853 3659 adire,
881 3551 914 3640 ai
944 3565 1101 3666 regiones
1118 3593 1204 3669 cog·

220 3684 548 3777 noscerevolebat3
574 3683 729 3767 subitum
755 3688 887 3763 bellurn
905 3686 941 3763 in
962 3689 1077 3766 Gallia
1093 3712 1225 3790 ‚coorv

686 3809 722 3880 G
749 3832 783 3904 3¹
891 3857 894 3861 Α
