2814 4754
386 433 436 488 ns
454 411 587 486 Briso
604 411 794 522 Gnsrrco
817 409 910 488 Lrs.
929 411 992 486 VI.
1104 433 1167 512 ¹9¹

183 592 219 634 “
236 585 336 663 nibus
361 585 430 664 suis
444 588 687 690 sociorumque
705 587 831 689 copiis,
856 611 944 688 quas
965 583 1173 686 coigiffent,

183 713 216 764 -“
234 709 373 808 penitus
390 709 437 784 sd
453 704 627 788 extremos
644 713 731 786 fines
746 708 814 786 sese
829 707 1005 806 recepisse.
1040 710 1175 788 Silvam

180 835 212 888 ·“
232 831 303 904 effe
340 825 390 906 ibi
418 831 556 908 infinita
582 831 840 932 magnitudine,
874 853 953 929 quae
981 831 1176 930 rdpeilstur

75 1017 80 1028 .
178 957 212 996 “
230 951 397 1028 Bacenis:
427 955 519 1030 hanc
533 955 642 1053 longe
658 951 820 1026 introrsus
841 952 1024 1050 pertinere,
1049 958 1083 1028 st
1108 977 1174 1053 pro

177 1078 210 1120 “
228 1072 349 1149 nativo
361 1092 465 1148 muro
476 1072 665 1172 objeunn,
680 1071 871 1146 Cheruscos
881 1071 927 1146 ab
938 1073 1072 1165 suevis,
1087 1076 1173 1150 Sue·

177 1198 213 1288 “¹
229 1185 362 1292 vosque
388 1197 436 1268 ab
464 1192 647 1278 Cheruscis
675 1190 821 1291 injuriis,
852 1191 1174 1295 incursionibusque

180 1318 215 1359 “
234 1313 433 1412 prohibere.
484 1314 545 1388 Ad
574 1311 645 1411 ejus
672 1312 814 1388 initium
838 1314 929 1388 srivae
956 1313 1089 1389 Suevos
1110 1317 1173 1390 sd·

182 1435 217 1478 “
236 1451 385 1506 ventum
402 1435 648 1510 Romanorum
667 1432 868 1534 exspesisre
888 1431 1136 1510 constitum?

232 1553 300 1628 XI.
325 1553 502 1652 Quoniam
531 1557 576 1630 ad
606 1557 702 1631 hunc
726 1557 846 1632 locum
874 1575 1084 1656 perventum
1107 1555 1173 1648 est,

180 1695 257 1748 non
280 1661 520 1752 alienumeffe
534 1676 674 1752 videtur
688 1677 736 1752 de
752 1677 877 1753 Gallie
901 1677 1174 1776 Germaniaeque

180 1789 354 1888 moribus,
379 1800 415 1872 &
440 1821 514 1895 quo
527 1797 688 1873 differant
709 1799 765 1873 hae
794 1800 949 1875 nationes
975 1799 1065 1874 inter
1087 1793 1170 1892 sese,

183 1937 392 2013 proponere.
442 1923 472 1960 “
490 1909 534 1989 in
550 1919 716 1992 Gnnsrn
733 1943 806 1992 non
821 1917 934 1991 solum
957 1917 1174 1994 inmunibus

184 2040 214 2079 “
230 2031 445 2128 civirar'ibus‚
471 2055 577 2136 atque
605 2037 644 2111 in
668 2035 835 2112 omnibus
861 2037 974 2136 pagis,
1000 2025 1172 2134 parribus·

186 2161 215 2203 ‘⁸
234 2181 320 2254 que,
344 2154 403 2230 sed
421 2179 520 2253 paene
540 2155 648 2232 etiarn
672 2157 709 2230 in
731 2157 872 2256 fingoiis
893 2157 1074 2250 domibus,
1101 2157 1173 2233 sao·

185 2257 346 2349 “'tione's
361 2271 466 2350 surus
476 2297 669 2377 earumque
685 2275 878 2356 sasiionum
897 2276 1069 2378 principes
1080 2276 1171 2372 sunt,

186 2402 216 2441 “
236 2387 297 2495 qui
313 2393 487 2472 summam
504 2395 744 2476 summitatem
760 2424 882 2474 eorum
893 2398 1033 2500 judicio
1044 2401 1173 2478 babere

184 2524 214 2564 “
226 2515 496 2602 ‘existimamur
524 2543 677 2618 quorum
701 2522 750 2596 ad'
776 2521 958 2596 arbitrium
976 2519 1170 2620 judicium·

180 2643 210 2682 “
228 2663 298 2736 que
313 2635 449 2714 summa
472 2639 634 2716 omniurn
651 2667 767 2717 rerum
793 2641 1090 2740 consiliorumque
1115 2665 1170 2716 re·

183 2765 211 2806 “
228 2758 321 2834 dest.
370 2759 486 2860 idque
512 2760 585 2861 ejus
605 2762 656 2838 rei
678 2763 796 2840 cauffo
816 2762 1011 2864 antiquitus
1035 2763 1170 2856 institu-

183 2885 211 2928 “
228 2899 308 2953 rum
328 2875 483 2973 videtur,
512 2901 557 2956 ne
574 2883 652 2982 quis
667 2909 713 2958 ex
731 2887 834 2983 plebe
850 2905 973 2960 contra
994 2885 1170 2984 potentio-

182 2989 213 3047 (θ
231 3023 308 3072 rem
325 2995 450 3073 auxilii
465 3021 606 3099 egerere
630 3003 710 3076 suos
725 3004 820 3078 enirn
837 3001 1169 3104 quisque'obprimi‚

183 3102 213 3162 ‘³
232 3121 267 3192 ὅτ
299 3116 544 3194 circumveniri
571 3143 643 3196 non
669 3122 822 3220 patirum
859 3147 989 3224 neque,
1020 3124 1119 3198 aliter
1146 3129 1170 3202 fi
1297 3139 1301 3157 ‘

183 3245 212 3283 “
228 3235 374 3330 faciunt,
398 3231 516 3314 ullsm‘
530 3240 620 3315 inter
642 3241 721 3316 suos
741 3243 872 3316 habent
894 3241 1170 3320 nusioritstemz’?

183 3359 290 3452 Haec‘
310 3359 434 3436 endem
456 3359 542 3436 ratio
567 3359 616 3436 esi
643 3360 680 3435 in
710 3359 847 3436 summa
878 3361 985 3438 totius
1018 3365 1168 3452 Gallina

132 3525 134 3532 ,
183 3504 338 3581 namque
370 3505 496 3558 omnes
531 3481 690 3574 civitates
722 3483 758 3559 in
792 3503 907 3584 partes
938 3484 1057 3563 divisae
1090 3479 1169 3565 sunt

184 3597 281 3677 duos.
