2932 4750
451 422 500 474 on
525 401 655 476 Bruto
676 399 864 472 Gntcrco
890 395 983 470 Lrn.
998 395 1043 470 11.
1206 395 1249 472 61

267 565 393 642 finibus
428 567 693 646 Bellovacorum
739 567 1036 670 adpropinquare,
1076 585 1256 660 cognore-

263 707 351 762 rant.
401 689 471 764 His
500 690 708 787 persuaderi,
725 685 775 768 ut'
788 691 918 766 diutius
943 703 1175 773 morarentur,
1193 705 1255 773 ne·

265 831 335 906 que
343 806 417 884 suis
432 810 599 886 auxilium
616 811 758 903 serrenr,
776 837 848 886 non
866 829 1010 910 poterat.

313 929 379 1002 XI.
419 929 472 1006 Ea
495 956 533 1006 re
565 933 766 1024 constimta,
795 931 958 1006 sectmda·
973 926 1094 1027 vigilia
1124 949 1258 1024 magno

263 1073 347 1123 cum
363 1049 506 1150 strepitu
520 1075 564 1126 ac
582 1053 739 1126 tumultu
753 1049 870 1126 castris
889 1052 1024 1150 egredi,
1047 1048 1146 1122 nullo
1162 1061 1255 1122 certo

261 1169 399 1261 ordine,
418 1193 534 1270 neque
550 1172 713 1269 imperio,
733 1197 847 1270 quum
860 1170 920 1245 fibi
939 1167 1084 1268 quisque
1099 1166 1254 1265 primurn

261 1287 395 1364 itineris
412 1293 532 1365 locum
549 1311 695 1390 peteret,
716 1292 914 1365 &domum
932 1287 1112 1388 pervenire
1129 1311 1253 1385 prope·
1292 1349 1295 1360 .

266 1428 373 1500 taret,
401 1409 571 1503 secemnt,
589 1432 628 1485 ut
644 1411 829 1486 consmilis
853 1409 947 1510 fuga
971 1405 1141 1508 profectio
1156 1405 1254 1482 vide·

262 1548 369 1602 retur.
418 1532 503 1605 Hac
519 1557 556 1606 re
579 1531 693 1607 statim
709 1531 824 1608 Caesar
841 1557 904 1632 per
919 1531 1147 1630 speculatores
1170 1552 1257 1626 cog·

266 1648 354 1740 nita,
381 1648 517 1726 infidias
540 1652 695 1742 veritus3
726 1655 836 1754 quod,
867 1679 938 1754 qua
955 1653 1001 1728 de
1018 1647 1132 1728 caussa
1148 1647 1257 1724 disce-

261 1771 394 1862 derent,
408 1773 567 1848 nondum
579 1771 811 1872 perspexerat,
823 1774 1031 1866 exercitum,
1045 1771 1256 1870 equitatum·

264 1915 334 1989 que
359 1891 488 1967 castris
505 1893 690 1968 continuit.
749 1895 867 1971 Prima
882 1895 975 1984 luce,
998 1895 1204 1968 confirmata
1221 1915 1258 1966 re
1381 1883 1387 1905 ¹

260 2013 305 2086 ab
330 2014 626 2110 exploratoribus,
645 2039 792 2088 omnem
809 2013 1020 2111 equitatum,
1051 2011 1111 2110 qui
1138 2009 1254 2087 novis-

262 2135 390 2207 fimum
417 2158 549 2232 agmen
577 2131 980 2232 moraretur,praemis1t.
1030 2132 1101 2208 His
1117 2136 1175 2232 Q
1190 2134 1256 2208 Pe·

262 2251 379 2343 dium,
409 2255 508 2326 &L.
526 2253 806 2328 Aurunculeium
830 2255 985 2344 Cottam,
1010 2255 1143 2354 legatos
1170 2278 1257 2353 prae-

263 2369 357 2446 fecit.
424 2351 470 2446 T.
504 2372 704 2448 Labienum
743 2376 899 2474 legatum
936 2399 1019 2449 curn
1056 2373 1258 2474 legionibus

261 2492 371 2568 tribus
398 2491 558 2593 subsequi
580 2491 687 2592 jussit.
748 2495 804 2572 Hi
835 2494 1036 2570 noviffimos
1064 2496 1192 2588 adorti,
1220 2501 1254 2572 dt

259 2613 486 2690 multamilia
511 2611 672 2713 passuum
698 2615 879 2714 prosecuti,
903 2641 1071 2714 magnam
1097 2615 1256 2696 multitu-

259 2731 383 2808 dinem
406 2759 528 2810 eorum
545 2734 763 2836 «fugientium
787 2735 1034 2813 concidemntt
1067 2762 1182 2836 quum
1209 2739 1255 2812 ab

264 2873 423 2929 extremo
449 2855 607 2956 agmine,
630 2859 676 2930 ad
699 2883 788 2956 quos
809 2877 955 2932 ventum
983 2876 1070 2948 erat,
1094 2856 1254 2936 confiste·
1303 2899 1306 2908 ·

263 2994 361 3081 rent;
385 2972 591 3076 fortiterque
607 2976 768 3075 inpetum
785 2977 980 3052 nostrorum
992 2976 1145 3056 militum
1157 2975 1254 3050 susti-

262 3113 406 3182 nerent3
434 3095 576 3193 priores,
595 3100 692 3196 quod
708 3081 853 3172 abellea
871 3098 1026 3196 periculo
1039 3095 1253 3185 viderentur,

262 3231 382 3314 neque
401 3216 473 3289 ulla
494 3219 700 3306 necessitate,
724 3242 838 3314 neque
867 3215 1014 3313 imperio
1035 3212 1254 3290 contineren-

261 3353 333 3427 tur,
358 3335 524 3411 exaudito
542 3337 706 3427 clamore,
734 3335 942 3432 perturbatis
959 3333 1152 3422 ordinibus,
1176 3359 1252 3410 om·

264 3459 326 3530 nes'
344 3455 380 3530 in
396 3452 483 3554 suga
500 3456 560 3532 fibi
585 3455 781 3556 praesrdium
800 3475 979 3554 ponerent.
1029 3455 1081 3529 Ita
1099 3458 1167 3533 fine
1179 3453 1253 3532 ullo

262 3575 418 3672 periculo
434 3595 567 3652 tantam
587 3603 711 3654 eorum
732 3575 994 3654 multitudinem
1019 3575 1126 3650 nostri
1147 3576 1252 3652 inter-

259 3695 429 3790 fecerunt,
455 3718 627 3796 quantum
661 3682 728 3774 suit
756 3696 828 3774 diei
854 3695 1025 3795 spatium:
1061 3695 1125 3794 sub
1152 3721 1266 3801 occa-x
