2932 4750
320 446 323 452 ,
418 395 469 446 nr
487 373 621 448 Burro
638 373 828 450 Gntnrco
853 375 1007 450 Lunll.
1158 399 1202 478 55

203 531 262 631 t'o,
296 543 486 644 ceterisque
511 549 614 621 rebus
633 543 781 645 juvare:
809 546 962 647 reliquos
982 573 1107 624 omnes
1127 549 1207 624 Bel·

200 662 327 760 gasin
341 665 447 740 armis
464 669 555 760 esser
583 667 858 769 Germanosque,
879 669 940 768 qui
958 669 1007 744 cis
1032 669 1207 746 Rhenum

197 779 384 878 incolunt,
401 785 469 862 sese
485 814 568 864 curn
581 787 635 863 his
646 787 888 889 conjunxiffe3
918 808 1126 890 tantumque
1136 787 1206 866 else

73 921 74 931 ¹
197 908 514 984 eorum-omnium
531 909 699 1003 furorem,
715 930 768 1003 ut,
787 937 831 986 ne
852 913 1041 986 Sueffiones
1058 911 1205 1010 quidem

196 1018 329 1102 fratres
363 1029 707 1131 consanguineosque
739 1031 833 1122 suos,
868 1031 929 1128 qui
960 1031 1088 1108 eodem
1110 1029 1203 1130 jure,

195 1142 330 1224 iisdem
357 1151 495 1250 legibus
525 1169 678 1241 utantur,
704 1176 816 1224 unum
844 1150 1046 1248 imperium,
1073 1177 1203 1228 unum·

201 1291 283 1365 que
300 1269 544 1368 magistratum
562 1296 645 1345 curn
662 1270 739 1368 ipsrs
756 1271 921 1362 habeant,
948 1271 1118 1346 deterrere
1140 1299 1203 1372 po-

198 1388 352 1482 tuerint,
372 1372 456 1489 quin
475 1417 556 1466 cum
573 1390 626 1466 his
643 1385 885 1466 consentirent.

190 1549 194 1566 ·
256 1509 320 1582 IV.
345 1513 469 1611 Qum
481 1513 527 1588 ab
543 1511 598 1586 his
610 1531 795 1612 quaereret,
813 1537 892 1611 quae
905 1510 1074 1604 civitates,
1093 1539 1204 1613 quan·

201 1643 323 1728 taque
339 1629 377 1704 in
392 1631 498 1706 armis
513 1635 633 1725 ellent,
662 1627 802 1733 &quid
818 1633 855 1706 in
871 1634 965 1708 bello
981 1635 1130 1734 possent,
1157 1637 1203 1712 fic

204 1749 422 1848 reperiebat;
458 1753 643 1853 plerosque
666 1757 790 1854 Belgas
818 1755 886 1829 effe
914 1773 1011 1829 ortos
1038 1757 1084 1830 ab
1112 1757 1202 1831 Ger·
1240 1789 1243 1803 ·

203 1870 330 1964 manis,
356 1874 599 1973 Rhenumque
619 1873 811 1973 antiquitus
837 1871 1065 1965 transduslos,
1093 1899 1200 1974 prop-

203 1992 340 2068 ter-loci
367 1990 579 2070 fertilitatem
597 1994 648 2070 ibi
669 1992 879 2079 consedisse3
908 1990 1111 2090 Gallosque,
1141 1993 1203 2091 qui

203 2135 245 2186 ea
272 2113 352 2188 loca
379 2112 587 2205 incolerent,
616 2112 810 2211 expulisse:
844 2110 1001 2210 solosque
1027 2114 1110 2205 effe,
1141 2113 1204 2212 qui

202 2249 347 2330 patrum
374 2233 571 2308 nostrorum
596 2232 777 2324 memoria,
801 2231 900 2306 omni
924 2231 1040 2306 Gallia
1060 2253 1201 2326 vexata,

202 2352 401 2444 Teutonos,
435 2353 668 2453 Cimbrosque
704 2353 794 2428 intra
825 2355 912 2428 fines
949 2353 1026 2428 suos
1059 2352 1200 2456 ingredi

203 2472 472 2572 prohibuerint:
512 2500 582 2575 qua
609 2499 722 2556 exre
749 2473 838 2566 lieri,
862 2473 914 2549 uti
939 2500 1060 2551 earum
1084 2501 1200 2552 rerum
1242 2515 1245 2520 Α

202 2591 371 2670 memoria
399 2621 566 2696 magnam
596 2595 658 2670 fibi
688 2594 946 2686 auetoritatem,
981 2594 1199 2694 magnosque

202 2709 336 2812 spiritus
352 2714 389 2788 in
405 2741 444 2791 re
455 2715 598 2792 militari
614 2716 801 2792 sumerent.
839 2717 898 2792 De
913 2741 1061 2792 nurnero
1074 2741 1198 2792 eorum

202 2833 323 2913 omnia
337 2835 371 2911 se
388 2838 517 2912 habere
533 2840 726 2936 explorata,
746 2838 854 2914 Remi
871 2836 1061 2926 dicebant3
1086 2863 1201 2936 propa,

202 2973 295 3032 terea
310 2958 408 3055 quod
432 2957 756 3056 propinquitatibus
778 2957 1084 3058 adfinitatibusque
1108 2983 1195 3032 con·

195 3071 322 3175 junui,
336 3097 504 3177 quantam
522 3079 668 3180 quisque
684 3080 946 3156 multitudinem
961 3079 998 3153 in
1014 3075 1196 3153 communi

200 3195 388 3298 Belgarum
404 3199 553 3288 concilio
570 3201 616 3274 ad
638 3200 674 3274 id
692 3203 827 3276 bellum
844 3199 1019 3298 pollicitus
1038 3203 1090 3288 fit,
1108 3223 1195 3297 cog-

199 3320 371 3396 noverint.
420 3319 620 3396 Plurimum
646 3318 735 3394 inter
757 3343 816 3394 eos
835 3321 1037 3394 Bellovacos
1063 3323 1098 3394 ὅτ
1121 3317 1193 3394 vir-

199 3455 286 3533 tute,
305 3445 341 3516 br
363 3440 582 3534 auetoritate,
613 3445 648 3516 ὅτ
665 3439 852 3517 hominurn
875 3463 1023 3515 nurnero
1051 3441 1190 3515 valere:
1275 3457 1279 3464 “

198 3560 262 3638 hos
278 3565 376 3663 poffe
391 3560 562 3640 conficere
575 3583 710 3639 armata
725 3562 823 3638 milia
834 3582 991 3656 centum,
1017 3560 1192 3660 pollicitos

200 3705 245 3763 ex
261 3709 308 3764 eo
319 3708 470 3766 numero
482 3685 591 3762 creua
607 3711 685 3773 ox3
715 3683 890 3786 totiusque
905 3682 988 3764 belli
1002 3675 1192 3786 imperium

651 3807 686 3882 E
710 3832 736 3898 4
