2932 4750
261 439 310 490 ao
529 389 580 488 C..
600 412 727 510 Jurrr
754 398 966 487 casatus

261 582 296 657 se
312 581 460 682 gratiam
487 585 556 658 effe
577 584 742 675 ostendit,
771 584 822 658 uti
843 589 884 658 dc
907 579 1132 684 Reipublicae·
1152 575 1244 681 inju-

260 702 366 793 riam5
385 701 538 778 &suum
559 705 721 781 dolorem
738 703 810 804 ejus
826 703 998 787 voluntati
1020 729 1061 778 ac
1086 702 1245 800 precibus

116 863 120 870 κ
180 831 183 835 ’
245 825 448 899 condonet.
497 824 760 924 Dumnorigem
775 827 821 899 ad
839 824 1005 915 sevocat,
1023 823 1165 898 fratrem
1183 824 1244 907 ad·¹

260 945 382 1019 hibet:
411 946 544 1045 quaein
561 971 604 1019 eo
620 947 862 1043 reprehendat,
885 943 1059 1034 ostendite
1083 937 1162 1044 quae
1175 941 1246 1041 ipse

260 1064 457 1164 intellegat,
483 1092 567 1164 qua*
586 1065 707 1141 civitas
733 1087 910 1165 queratur,
947 1065 1134 1164 proponit:
1166 1087 1244 1138 mo·

261 1206 335 1277 net,
358 1206 397 1261 ut
413 1186 449 1260 in
465 1186 639 1285 reliquum
656 1207 796 1286 tempus
820 1212 944 1262 omnes
969 1183 1174 1284 suspiciones
1192 1183 1245 1258 vi·
1267 1283 1269 1288 Ι
1318 1181 1320 1192 '

261 1327 335 1381 tet:
364 1307 533 1405 praeterita
556 1307 588 1383 se
604 1308 782 1396 Divitiaco
803 1307 902 1383 fratri
925 1308 1124 1382 condonare
1147 1304 1245 1378 dicits

260 1428 478 1526 Dumnorigi
494 1426 650 1503 custodes
665 1428 764 1528 ponit
780 1457 790 1502 s
817 1449 870 1520 ut,
888 1455 967 1526 quae
983 1445 1079 1527 agat,
1104 1424 1243 1525 quibus

138 1547 142 1554 ’
262 1545 345 1622 cum
361 1551 535 1647 loquatun
562 1547 645 1622 scire
661 1553 772 1647 posfit.

222 1661 225 1669 ’
310 1670 413 1743 XXI.
440 1658 579 1742 Eodem
598 1669 656 1743 die
671 1673 717 1744 ab
731 1667 1012 1768 exploratoribus
1028 1663 1153 1741 certior
1166 1661 1245 1740 sac·
1320 1662 1337 1678 ”

233 1841 235 1847 .
261 1810 330 1880 tus,
355 1789 472 1864 hostes
500 1789 562 1864 sub
587 1783 708 1866 mdnte
734 1789 935 1882 consedisse,
967 1787 1062 1863 milia
1086 1787 1275 1886 passuum*

262 1913 307 1985 ab
336 1911 438 2009 ipsius
457 1911 572 1984 castris
589 1913 669 1986 osio
681 1941 692 2000 3
720 1900 931 2010 qualis-esset
955 1929 1076 1982 natura
1100 1908 1246 2000 montis,

260 2034 296 2104 ὅτ
314 2031 424 2129 qualis
441 2030 477 2104 in
503 2031 649 2106 circuitu
676 2031 867 2123 adscensus,
896 2029 958 2129 qui
981 2028 1246 2130 cognoscerent,

260 2151 362 2225 misit.
413 2153 676 2228 Renunciatum
692 2151 753 2245 est,
779 2151 918 2232 facilem
943 2153 1043 2226 effe·
1073 2151 1131 2224 De
1146 2150 1248 2224 tertia

262 2271 383 2370 vigilia
410 2275 458 2344 T.
482 2275 682 2348 Labienum
711 2276 875 2371 ¹legatum
910 2274 1129 2370 Propraetore
1163 2295 1258 2347 cumv

260 2391 397 2465 duabus
413 2391 624 2490 legionibus,
651 2397 684 2466 dc
702 2391 744 2464 iis
760 2391 923 2482 ducibus,
953 2390 1095 2487 quiiter
1110 2405 1247 2491 cogno'·

261 2532 397 2602 verant,
414 2511 604 2585 summum
613 2509 744 2612 jugum
761 2511 891 2586 montis
907 2509 1113 2600 adscendere
1122 2510 1245 2609 jubet:
1282 2516 1284 2524 ’

260 2633 348 2732 quid
369 2622 418 2704 sui
440 2631 571 2704 confilii
589 2635 642 2722 fir,
668 2631 829 2706 ostendit.
872 2629 952 2729 lpse
973 2633 1020 2705 de
1050 2649 1169 2729 quarta
1188 2629 1244 2705 vvi·
1299 2651 1303 2658 ’

205 2733 213 2750 ’
261 2751 343 2852 gilla
360 2751 486 2826 eodem
502 2751 638 2844 itinere,
663 2778 737 2850 quo
751 2751 865 2826 hostes
882 2752 1005 2841 ierant,
1023 2752 1069 2825 ad
1086 2776 1145 2824 eos
1161 2769 1247 2826 con·-

260 2871 397 2959 tendit3
429 2871 695 2972 equitatumque
722 2898 867 2947 omnem
882 2891 961 2947 ante
988 2872 1022 2950 se
1040 2871 1157 2946 mittit.
1206 2873 1248 2946 P.

260 2990 458 3083 confidius',
486 2992 548 3091 qui
564 2993 613 3066 rei
626 2992 787 3067 militaris
803 2992 1246 3092 peridffimushabebatur'‚

242 3191 244 3196 ,
263 3119 297 3188 &
316 3113 351 3187 in
369 3112 523 3187 exercitu
540 3116 585 3188 L.
603 3114 721 3205 Sullae,
746 3117 780 3186 &
796 3113 916 3212 postea
933 3114 968 3186 in
984 3114 1041 3187 M.
1054 3113 1158 3190 Crassi
1173 3111 1247 3188 fue·

262 3255 328 3325 rat,
355 3261 439 3309 cum
456 3233 731 3333 exploratoribus
747 3232 978 3332 praemittitur.
997 3289 998 3292 ,
1148 3259 1149 3262 ’
1287 3331 1290 3338 .

311 3357 433 3430 XXll.
458 3357 577 3430 Prima
601 3357 693 3446 luce,
720 3379 833 3454 quum
856 3352 1012 3428 summus
1028 3379 1130 3430 mons
1156 3355 1258 3428 aT.·

263 3475 424 3550 Labieno
457 3494 642 3566 teneretur,
671 3472 743 3573 ipse
770 3477 822 3550 ab
850 3473 1003 3548 hostium
1032 3473 1147 3548 castris
1174 3487 1248 3547 non

263 3597 401 3695 longius
419 3596 503 3670 mile
517 3603 551 3674 δι
564 3593 766 3695 quingentis
777 3596 926 3692 passibus
942 3595 1091 3681 abellet3
1113 3585 1247 3692 neque,

264 3720 304 3792 ut
331 3703 450 3816 postea
467 3743 512 3792 ex
528 3714 674 3818 captivis
692 3715 879 3814 comperit,
901 3733 962 3792 aut
984 3713 1089 3814 ipsius
1115 3715 1246 3790 adven·
