2850 4752
1101 433 1173 510 29³

203 690 1143 826 A.H1RT1US(PANRSA)

168 887 171 892 ’
295 838 297 842 ¹
431 867 793 994 ulnus-o
890 916 926 996 s,
1110 863 1118 878 ’

15 1235 22 1256 “
171 1259 200 1298 “
228 1181 458 1340 Coicrus
473 1248 625 1328 adfiduis
648 1247 717 1352 tuis
737 1243 898 1344 vocibus,
923 1253 1044 1348 Balbe,
1062 1281 1175 1354 quum

135 1401 201 1466 .,“
219 1396 425 1496 quotidiana
436 1421 520 1472 mea
537 1391 705 1476 recusatio
719 1419 793 1470 non
804 1393 1020 1472 difficultatis
1035 1395 1177 1472 excusa»

70 1555 74 1560 ·
172 1523 202 1561 “
219 1516 368 1610 tionem,
396 1515 455 1592 sed
473 1515 603 1592 inertiae
619 1516 799 1624 videretur
815 1515 1097 1617 deprecationem
1114 1517 1178 1596 ha·

173 1642 202 1682 “
219 1637 317 1729 bere,
344 1636 591 1729 difficillimam
617 1663 695 1714 rem
722 1636 865 1738 suscepi.
902 1636 1046 1714 Caesaris
1069 1636 1179 1714 nostri

173 1757 505 1862 “Commentarios
539 1783 656 1834 rerum
696 1759 871 1857 gestarum
915 1758 1054 1852 Galliae,
1102 1784 1177 1834 non

174 1879 482 1973 “comparandos
512 1876 745 1973 superioribus
780 1895 887 1974 atque
915 1876 1177 1974 insequentibus

173 2004 202 2068 ‘5
217 1978 296 2096 vejus
308 1995 454 2095 scriptis,
473 1995 655 2087 contexui,
674 1994 972 2104 novissimumque
995 1993 1168 2094 inperfec-

172 2125 201 2163 “
218 2137 312 2208 turn,
325 2117 376 2202 ,ab
399 2117 502 2192 rebus
528 2114 629 2214 gestis
651 2113 894 2204 Alexandria,
908 2111 1048 2201 confeci
1069 2115 1178 2214 usque

173 2244 203 2283 “
222 2238 268 2312 ad
289 2235 426 2312 exitum
450 2257 521 2312 non
539 2234 686 2334 quidem
701 2233 814 2311 civilis
830 2233 1059 2327 dissensronis,
1078 2231 1178 2334 cujus

174 2362 202 2402 “
221 2357 332 2431 finem
355 2355 495 2430 nullum
512 2353 691 2446 videmus,
713 2353 774 2428 sed
791 2354 873 2430 vitae
890 2353 1043 2430 Caesaris.
1076 2359 1177 2454 Qros

175 2482 204 2521 “
221 2476 358 2550 utinam
386 2474 449 2572 qui
475 2476 608 2572 legent,
637 2472 721 2547 scire
744 2477 883 2572 poffint,
906 2501 1016 2572 quam
1045 2475 1178 2550 invitus

85 2633 88 2641 ·
173 2592 426 2692 “susceperim
448 2591 662 2686 scribendos,
688 2618 762 2691 quo
778 2591 913 2668 facilius
930 2618 1064 2668 caream
1092 2594 1177 2668 stul-

174 2721 202 2759 “
220 2714 306 2789 titiae
334 2733 441 2812 atque
457 2713 672 2813 adrogantiae
700 2714 861 2806 crimine,
880 2712 943 2812 qui
971 2739 1030 2790 me
1052 2714 1177 2789 mediis

174 2841 202 2878 “
221 2831 485 2930 interposuerim
509 2834 652 2908 Caesaris
673 2832 830 2932 scriptis:
857 2834 992 2910 constat
1008 2835 1104 2910 enim
1120 2833 1175 2910 in·

173 2959 270 3025 “ter
299 2951 440 3042 omnes}
456 2949 544 3032 nihil
570 2971 645 3025 tam
666 2952 809 3048 operose
837 2957 884 3028 ab
907 2955 1080 3028 aliis‘else
1098 2981 1175 3052 per·

88 3123 94 3130 -
173 3075 203 3116 “
221 3067 370 3158 sessum,
404 3069 503 3166 quod
520 3093 591 3142 non
607 3070 741 3143 norum
757 3071 932 3170 elegantia
947 3074 1177 3146 Commenta·

174 3190 356 3267 “riorum
387 3188 588 3286 supereture
628 3187 689 3286 qui
721 3187 798 3262 sunt
828 3188 927 3280 editi,
960 3214 1005 3264 ne
1036 3189 1179 3266 scientia

175 3317 398 3386 “tantarum
427 3331 542 3386 rerum
570 3305 795 3407 scriptoribus
823 3311 975 3384 deeffet‘:
1019 3311 1179 3408 adeoque

176 3438 205 3477 “
224 3431 416 3530 probantur
443 3426 607 3502 omnium
632 3425 785 3526 judicio,
823 3448 864 3503 ut
892 3411 1089 3529 praerepta,⁴
1105 3457 1178 3507 non

177 3547 369 3648 “praebita
395 3548 541 3648 facultas
577 3546 802 3646 scriptoribus
829 3549 1002 3624 videatur.
1068 3548 1179 3650 Cujus
1215 3590 1225 3614 ι

159 3676 206 3758 ,,“
224 3688 344 3748 tamen
366 3669 416 3746 rei
439 3666 551 3767 major
575 3666 711 3760 nostra,
736 3695 844 3768 quam
874 3668 1095 3769 reliquorum
1126 3669 1178 3745 est

635 3802 675 3878 U
702 3827 723 3898 s
