2932 4750
246 467 249 478 ι
406 397 457 455 nn
478 377 609 458 nerto·
629 383 817 460 erineo
841 375 993 458 sitnll.
1142 379 1186 480 65

212 541 249 622 in
262 551 476 628 enmlocum
492 553 686 653 conjecisse,
711 578 783 653 quo
799 573 941 652 propter
957 549 1102 652 paludes
1125 573 1194 624 err·v

211 670 330 745 ercitui
347 673 460 748 aditus
473 700 551 748 non
567 673 658 749 esset.

256 781 374 866 XVII.
402 794 473 868 His
490 797 592 870 rebus
614 792 781 893 cognitis,
802 795 1051 891 exploratores,
1064 811 1184 867 centu-

209 907 385 1011 rionesque
411 915 604 1013 premittit,
633 915 697 1012 qui
725 915 846 987 locum
873 912 1041 988 idoneum
1069 913 1186 988 castris

207 1030 375 1131 deligant.
424 1033 621 1132 Quinque
636 1059 683 1114 ex
698 1032 864 1108 dedititiis
879 1032 1009 1131 Belgis,
1034 1031 1183 1132 reliquis·

207 1175 277 1248 que
306 1153 417 1226 Gallis
436 1155 657 1250 complures,
684 1150 854 1226 cesarem
877 1150 999 1242 secuti,
1028 1177 1097 1226 una
1123 1155 1186 1228 iter

205 1269 384 1346 facerent:
415 1273 561 1370 quidam
586 1297 629 1347 ex
659 1272 725 1363 his,
756 1292 796 1345 ut
820 1271 940 1370 postea
974 1295 1019 1344 ex
1042 1273 1188 1370 captivis

203 1390 394 1488 cognitum
409 1392 471 1483 nst,
497 1417 619 1466 eornm
634 1393 770 1467 dierum
793 1384 1041 1468 consuetudine
1057 1391 1188 1466 itineris

204 1510 314 1584 nostri
330 1513 500 1612 exercitus
514 1510 707 1612 perspesla,
737 1515 839 1587 noste
864 1513 910 1588 ad
927 1511 1081 1588 Nervios
1108 1537 1187 1612 per-

174 1715 177 1720 ,
206 1652 390 1724 venerunt,
414 1652 520 1732 atque
545 1632 587 1706 iis
607 1633 902 1724 demonstrarunt,
931 1634 1020 1708 inter
1035 1635 1185 1733 singulas

204 1747 372 1850 legiones,
401 1752 717 1852 inpedimentorum
739 1765 909 1852 magnum
928 1779 1112 1830 numerum
1129 1756 1182 1828 in·

203 1872 399 1960 tercedere3
425 1898 540 1972 neque
566 1875 641 1947 else·
663 1872 859 1970 quidquam
892 1873 1040 1971 negotii,
1074 1898 1190 1971 quum·

204 1991 317 2090 prima
332 1993 425 2093 legio
441 1993 477 2068 in
494 1993 602 2066 castra
618 1991 776 2082 venisset,
806 1991 1016 2090 reliquaeque
1033 1992 1186 2090 legiones

203 2137 377 2212 magnum
393 2112 543 2209 spatium
560 2113 726 2200 abessent,
752 2113 843 2185 lianc
860 2111 924 2186 sub
947 2111 1084 2186 sarcinis
1101 2113 1185 2186 ado-

200 2233 285 2306 riri:
310 2257 380 2329 qua
391 2231 502 2328 pulsa,
516 2229 830 2329 inpedimentisque
842 2231 994 2330 direptis,
1012 2231 1184 2325 firturum,

203 2372 243 2427 ut
259 2350 403 2449 reliquae
425 2369 548 2424 contra
562 2351 743 2426 consistere
757 2377 829 2426 non
845 2353 1021 2426 auderent.
1070 2353 1184 2454 Adju·
1284 2441 1286 2446 Ι
1365 2345 1367 2348 ’

204 2470 433 2550 vabntetiam
443 2493 564 2546 eorum
575 2471 768 2563 confilium,
793 2473 944 2571 quirem
960 2472 1182 2562 deferebant;

77 2605 80 2614 ⁴
204 2593 301 2693 quod
318 2590 441 2666 Nervii
457 2591 665 2691 antiquitus,
688 2617 800 2691 quum
821 2594 978 2693 equitatu
994 2594 1081 2668 nihil
1107 2593 1183 2694 pos-

203 2713 290 2804 sent,
321 2714 456 2812 (neque
480 2711 583 2788 enim·
602 2714 648 2788 ad
669 2715 737 2790 hoc
753 2735 892 2814 tempus
914 2714 946 2788 ei
962 2715 1011 2790 rei
1028 2715 1182 2810 student,

203 2829 290 2925 sed,
304 2831 478 2932 quidquid
504 2831 655 2933 possunt,
684 2835 899 2933 pedestribus
915 2837 1182 2934 valentcopiis)

205 2978 277 3053 quo
302 2952 435 3028 facilius
464 2952 693 3028 finitimorum
717 2954 925 3053 equitatum,
950 2959 974 3029 sr
1003 2955 1185 3064 predandi

195 3073 315 3150 caussa
330 3073 375 3150 ad
392 3099 450 3148 eos
477 3074 660 3165 -veniffent,
690 3073 901 3172 inpedirent,
934 3073 1059 3148 teneris
1082 3075 1182 3147 arbo·

103 3213 105 3216 ’
200 3186 438 3285 tibusincisrs,
464 3214 567 3291 atque
584 3194 723 3268 inflexis
754 3193 956 3288 (crebrisque
970 3193 1007 3264 in
1030 3191 1184 3267 latitudi-

127 3323 143 3357 ·'
203 3339 285 3389 nem
302 3305 418 3405 ramis,
438 3316 574 3407 (neatis)
594 3317 628 3386 ὅτ
646 3310 740 3386 rubis
755 3303 973 3408 sentibusque
988 3307 1182 3410 interjestis,

204 3435 401 3526 effecerant,
426 3452 467 3507 ut
496 3432 598 3510 instar
629 3431 721 3508 muri
753 3433 809 3506 hae
838 3429 935 3530 sepes
964 3431 1184 3511 munimenta

203 3545 423 3654 praebercniz
453 3574 526 3654 quo
554 3546 625 3628 non
652 3553 762 3628 modo
789 3551 923 3644 intrari,
951 3550 1009 3627 sed
1036 3579 1081 3628 ne
1107 3580 1183 3654 per-

202 3671 451 3776 spiciquidern
467 3675 593 3776 poliat.¹
611 3671 682 3749 His
706 3675 813 3750 rebus
827 3698 939 3774 quum
956 3673 1020 3752 iter
1034 3675 1183 3776 agminis
1314 3746 1321 3760 s
