2932 4750
262 427 310 499 40
344 431 346 442 ·
529 393 965 494 C.J·u1.110msnnrs

263 575 351 650 Dies
366 573 556 674 conloq'ui'o
572 573 687 648 dietus
706 571 769 665 est,
798 595 842 648 ex
859 597 902 646 eo
914 569 971 644 die
986 567 1142 668 quintus.
1184 572 1243 644 In·

265 695 383 786 terim,‘
407 720 518 793 quum
539 694 628 794 saepe
654 696 746 768 ultro
761 693 919 792 citroque
934 687 1050 790 'legati
1073 685 1162 766 inter
1185 710 1245 764 cos

254 811 495 907 mitterentur,
522 813 935 912 Ariovistuspostulavit,
963 835 1132 910 nequem
1146 810 1243 910 pedi·

241 1031 243 1038 y
263 954 336 1010 tem
354 938 399 1009 ad
425 935 654 1034 conloquium
672 935 784 1009 Caesar
808 935 1006 1009 adduceret.
1056 933 1177 1006 Vereri
1197 929 1245 1022 se,

265 1079 310 1128 ne
338 1081 399 1154 per
426 1055 562 1130 infidias
589 1058 704 1130 abeo
732 1047 1070 1130 circumvenireturr
1100 1043 1246 1151 uterque

263 1200 348 1250 cum
364 1174 520 1273 equitatu
533 1175 692 1268 veniret:
712 1175 926 1250 aliamtione
943 1174 976 1248 se
988 1199 1059 1248 non
1076 1172 1246 1248 elleven·

252 1316 396 1372 turum.
445 1295 573 1388 Caesar,
603 1297 702 1396 quod
730 1321 844 1394 neque
868 1294 1111 1394 conloquium,
1144 1287 1247 1368 inter·

265 1420 376 1516 ¹posrta
401 1418 528 1507 caussa,
553 1415 629 1490 tolli
649 1418 804 1508 volebat,
835 1439 950 1513 neque
978 1416 1122 1490 salutem
1151 1413 1248 1488 suam
1282 1441 1288 1448 ·

267 1539 451 1613 Gallorum
474 1535 642 1635 equitatui
658 1557 877 1611 committere
889 1537 1063 1621 audebat
1089 1545 1248 1609 commo-

151 1729 153 1736 .
266 1657 461 1731 diffimum
471 1659 539 1732 effe
554 1656 685 1747 statuit,
714 1656 878 1730 omnibus
895 1657 994 1754 equis
1012 1652 1132 1730 Gallis
1148 1655 1249 1754 equi·

265 1777 361 1852 ribus
374 1775 549 1867 detractis,
574 1801 616 1850 eo
635 1776 845 1911 legionarios
861 1776 988 1850 milites
1014 1775 1162 1876 legionis
1185 1769 1248 1849 de-

265 1897 404 1988 cimae,
400 1897 469 1972 cui
498 1922 605 1996 quam
631 1896 786 2010 maxime
813 1897 1066 1988 confidebat,
1057 1919 1249 1996 inponere3

268 2038 309 2092 ut
336 2017 534 2116 praefidium
562 1998 670 2117 quain
701 2017 958 2110 amiciffimum,
989 2022 1019 2092 'sr
1046 2019 1134 2118 quid
1162 2043 1250 2117 opus

268 2121 362 2214 fano
378 2139 474 2230 esset,
501 2141 654 2215 haberet.
703 2142 812 2239 Qod
829 2165 941 2239 quum
960 2139 1072 2231 fieret,
1097 2165 1168 2213 nou
1194 2139 1248 2212 i'n·

269 2258 417 2334 ridicule
433 2258 580 2356 quidam
596 2285 641 2334 ex
657 2259 829 2334 militibus
843 2260 990 2335 decimae
1006 2258 1155 2359 legionis
1171 2259 1250 2333 dix·

271 2378 321 2464 it;
350 2385 378 2452 ‘⁴‘
395 2378 492 2473 Plus,
511 2403 619 2474 quam
636 2379 813 2476 pollicitus
828 2381 925 2468 effer,
954 2377 1125 2453 Caesarem
1142 2379 1174 2452 ei
1201 2378 1251 2454 fa*-

274 2505 302 2541 “
322 2522 423 2571 cere:
450 2496 650 2595 pollicitum
672 2496 743 2571 se
734 2522 772 2570 m
799 2497 952 2571 cohortis
977 2497 1155 2595 praetoriae
1174 2500 1252 2574 loco

272 2625 301 2662 “
318 2618 493 2693 decimam
505 2617 683 2715 legionem
699 2617 924 2704 habiturum
947 2643 1041 2692 nunc
1046 2617 1103 2740 sd
1118 2641 1252 2716 equum

273 2746 300 2783 “
318 2738 562 2813 rescribere..
515 2738 539 2770 ''

321 2859 459 2932 XLIII.
483 2857 654 2932 Planities
677 2877 749 2932 erat
763 2883 909 2958 magna,
938 2859 997 2934 &
987 2885 1024 2933 m
1040 2879 1081 2933 ea
1098 2861 1252 2936 tumulus

272 2999 400 3054 terreus
415 2977 493 3086 satis
509 2977 661 3078 grandis.
711 2979 787 3053 Hie
807 2980 906 3054 Iocus
921 3004 1024 3078 aequo
1046 2979 1119 3055 fere
1144 2979 1254 3080 spatio
1324 3059 1327 3067 Δ

273 3102 320 3176 ab
342 3099 458 3175 castris
485 3097 635 3198 utrisque
658 3101 789 3175 aberat.
814 3157 817 3164 .
840 3101 911 3192 Eo,
927 3153 929 3161 ι
943 3121 983 3174 ut
1007 3120 1078 3176 erat
1103 3102 1250 3194 dilium,

274 3222 321 3298 ad
336 3220 565 3320 conloquium
576 3240 756 3295 venerunt.
793 3221 991 3321 Legionem
1007 3223 1037 3296 C
1038 3223 1132 3314 aesar,
1146 3248 1253 3323 quam

276 3343 374 3438 equis
399 3344 599 3432 devexerat,
628 3343 777 3440 pellibus
803 3368 843 3416 cc
872 3345 917 3417 ab
938 3337 1143 3418 eo'tumulo
1171 3369 1254 3417 con·

277 3451 385 3536 stituit
401 3489 418 3556 :5
437 3462 523 3537 item
539 3460 670 3561 equites
683 3455 850 3536 Ariovisti
869 3463 945 3560 pari
961 3463 1142 3538 intervallo
1167 3485 1252 3534 con-

277 3578 444 3655 stiterunt.
485 3579 697 3673 Ariovistus,
724 3581 932 3682 exequisut
948 3571 1254 3681 conloquerentur,
