2932 4750
245 423 295 494 44
514 362 725 496 csJunu
751 400 964 490 Caesareis
1102 481 1104 486 ,

200 673 204 684 ι
291 575 408 650 XLV.
433 576 553 652 Multa
566 578 612 652 ab
628 577 762 652 Caesare
777 579 813 652 in
831 603 908 654 eam
919 572 1230 652 sententiam'didla

243 693 335 786 sunt,
363 721 470 795 quare
485 698 626 795 negotio
647 699 804 773 desistere
820 724 891 773 non
909 698 1033 796 pollet,
1062 698 1097 768 dr
1113 713 1229 790 neque

242 801 354 907 suam,
374 841 488 914 neque
512 818 633 915 populi
651 820 808 893 Romani
830 815 1116 894 consuetudinem
1140 811 1225 912 pati,

240 936 289 1010 uti
308 936 445 1035 optime
460 938 601 1012 meritos
616 937 725 1014 socios
745 937 912 1014 desereret
926 967 937 1026 ;
963 962 1078 1036 neque
1088 933 1226 1034 sejudi-

187 1055 188 1062 ’
242 1081 331 1146 care,
360 1057 512 1133 Galliam
539 1058 654 1156 potius
678 1061 745 1134 else
767 1058 948 1149 Ariovisti,
971 1083 1078 1157 quam
1103 1051 1227 1153 populi

241 1177 407 1252 Romani.
455 1179 552 1252 Bello
569 1177 741 1276 superatos
757 1181 825 1253 effe
842 1183 1034 1284 Arvernus,
1062 1180 1096 1250 δι
1113 1179 1226 1252 Rute-

242 1321 305 1369 nos
330 1300 377 1371 ab
396 1301 451 1396 Q
468 1297 579 1373 Fabio
604 1297 787 1389 Maximo,
813 1299 1120 1398 quibunpopulus
1144 1299 1221 1369 Ro·
1254 1307 1257 1312 “

155 1457 160 1464 ·
241 1425 366 1492 manus
385 1417 584 1516 ignovisset,
606 1444 720 1517 neque
735 1418 772 1492 in
790 1417 1002 1515 provinciam
1028 1415 1224 1516 redegiffet,
1247 1437 1249 1444 ’

240 1563 355 1638 neque
378 1537 589 1636 stipendium
613 1525 821 1636 inposuisset.
856 1540 965 1633 Qrod
987 1540 1009 1610 fi
1033 1534 1224 1633 antiquissi-

241 1683 341 1732 mum
367 1659 533 1756 quodque
560 1679 700 1756 tempus
727 1657 868 1756 spedari
893 1675 1079 1754 oporteret,
1104 1653 1226 1752 populi

239 1777 394 1853 Romani
416 1775 638 1876 justiffimum
665 1781 732 1852 effe
755 1779 793 1851 in·
817 1777 932 1852 Gallia
955 1775 1169 1874 imperium:
1201 1773 1224 1843 sr

232 1895 409 1996 judicium
431 1901 576 1974 Senatus'
595 1895 766 1973 observari
783 1915 969 1996 oporteret,
999 1899 1141 1972 liberam
1163 1893 1225 1966 de·

239 2021 322 2094 bere
337 2021 404 2094 effe
420 2019 587 2111 Galliam,
613 2045 721 2117 quam
738 2019 832 2094 bello
848 2019 975 2094 vidam
999 2015 1064 2092 suis
1086 2006 1225 2116 legibue

240 2137 292 2214 uti
309 2140 479 2220 voluisset.
549 2155 551 2162 ’

286 2261 423 2338 XLVI.
449 2263 547 2336 Dum
559 2258 634 2336 haec
646 2261 684 2336 in
696 2262 886 2362 conloquio
901 2280 1080 2362 geruntur,
1099 2259 1224 2336 Caesari

238 2377 443 2454 nunciatum
460 2380 523 2469 est,
552 2380 686 2478 equites
702 2381 868 2455 Ariovisti
885 2380 1031 2478 propius
1048 2383 1226 2456 tumulum

237 2499 416 2589 accedere,
449 2503 484 2582 δι
513 2499 559 2574 ad
589 2500 722 2576 nostros
751 2498 976 2597 adequitare3
1009 2498 1141 2596 lapides
1171 2519 1223 2575 te·
1316 2497 1319 2504 ’

237 2619 347 2718 laque¹
355 2620 392 2695 in
408 2619 539 2696 nostros
556 2617 736 2718 conjicere.
801 2618 913 2694 Caesar
928 2617 1097 2717 loquendi
1115 2619 1223 2693 finem

112 2837 114 2842 ι
237 2737 341 2826 fecit;
368 2738 470 2838 seque
498 2741 543 2814 ad
571 2727 648 2815 suos
675 2739 825 2838 recepit;
859 2737 992 2836 suisque
1024 2737 1222 2836 imperavit,

236 2859 391 2955 nequod
409 2858 555 2934 omnino
571 2861 681 2935 telum
697 2859 733 2934 i‘n
750 2860 864 2934 hostes
882 2858 1072 2958 rejicerent.
1109 2861 1222 2952 Nam,
1251 2877 1252 2882 ’

236 2981 297 3054 'etli
314 2982 382 3062 fine
399 2980 472 3053 ullo
489 2979 643 3078 periculo
665 2979 811 3080 legionis
830 2981 988 3072 deledlae,
1019 3001 1103 3056 cum
1121 2981 1221 3079 equi·

236 3120 310 3176 tatu
328 3100 494 3199 proelium
510 3098 584 3176 fore
607 3101 763 3192 videbat,
791 3121 909 3174 tamen
926 3101 1223 3178 committendum

235 3247 307 3296 non
332 3224 490 3319 putabat,
518 3229 578 3312 ut,
602 3224 704 3320 pullis
731 3221 900 3312 hostibus,
923 3221 995 3297 dici
1013 3225 1136 3320 pollet,
1166 3247 1224 3296 eos

236 3343 282 3416 ab
293 3341 326 3415 se
343 3367 407 3440 perv
416 3345 524 3419 fidem
535 3341 572 3417 in
588 3343 777 3442 conloquio
789 3341 1054 3418 circumventos.
1102 3341 1221 3416 Poste·

236 3486 364 3560 aquam
390 3463 424 3536 in
447 3465 573 3563 volgus
599 3451 753 3537 militum
782 3463 912 3538 elatum
937 3464 999 3556 est,
1019 3487 1088 3560 qua
1118 3461 1219 3534 adro-

237 3580 354 3680 gantia
373 3582 409 3654 in
436 3581 843 3681 conloquioAriovilhrs
864 3580 956 3674 usus,
982 3581 1078 3658 omni
1107 3580 1221 3655 Gallia
1259 3597 1266 3609 ·

236 3699 407 3778 Romanis
436 3700 676 3795 interdixillet‚
701 3701 932 3804 inpetumque
947 3701 985 3778 in
1000 3701 1132 3778 nostros
1148 3699 1220 3800 ejus
