2814 4754
261 394 332 496 196
526 388 569 466 C.
592 389 729 486 Jurrr
752 384 966 464 CAEsnltts

306 561 408 639 XVI.
434 553 592 638 “Natio
616 560 665 638 est
689 559 805 637 omnis
829 559 1018 634 Gallorum
1048 555 1249 636 admodum

261 688 290 730 “
303 682 426 760 dedita
441 682 691 785 religionibus,
719 702 825 782 atque
841 683 981 758 obeam
996 681 1166 774 caussam,
1184 680 1251 780 qui

260 809 289 850 “
305 801 386 880 sunt
402 803 528 881 adfecti
545 803 764 904 gravioribus
776 802 923 895 morbis,
948 796 1080 901 quiq'ue
1095 801 1135 876 in
1152 827 1250 902 proe-

259 931 289 972 “
307 923 361 1003 liis
378 923 609 1028 periculisque
627 923 816 1017 versantur,
842 932 903 1000 aut
920 949 987 1023 pro
1008 921 1162 1002 victimis
1182 922 1259 1025 bo·-

257 1054 287 1094 “
303 1046 417 1124 mines
433 1047 620 1138 inmolant,
643 1066 705 1122 aut
720 1045 754 1120 se
767 1045 996 1122 inmolaturos
1011 1064 1160 1140 vovent,
1186 1045 1252 1121 ad·

257 1175 289 1215 “
307 1165 535 1266 ministrisque
550 1168 597 1242 ad
612 1191 653 1245 ea
679 1164 842 1244 sacrificia
859 1165 1054 1250 Druidibus
1074 1186 1228 1244 utuntur
1238 1193 1253 1256 3

258 1293 289 1333 “
306 1288 420 1388 quod,
447 1311 513 1386 pro
528 1286 601 1362 vita
627 1287 796 1379 hominis,
820 1288 882 1370 nifi
898 1286 1051 1364 hominis
1065 1286 1139 1366 vita
1166 1288 1250 1362 red.

259 1413 289 1456 “
306 1410 424 1501 datur,
466 1431 540 1488 non
571 1409 667 1507 posse
699 1408 800 1492 aliter
825 1408 973 1484 deorum
1006 1397 1253 1488 inmortalium
1288 1477 1294 1490 .

259 1537 288 1574 ‘⁴
305 1555 438 1620 numen
455 1529 598 1630 placari,
615 1529 839 1620 arbitrantur,
864 1527 1075 1628 publiceque
1093 1527 1255 1628 ejusdem

250 1633 289 1697 ’“
306 1649 440 1750 generis
467 1650 599 1726 habent
614 1649 768 1725 instituta
784 1647 960 1726 sacrificia.
975 1655 977 1660 '
1009 1647 1085 1724 Alii
1108 1649 1254 1726 inmani

158 1793 161 1800 ·
209 1775 212 1784 '
259 1769 551 1872 “magnitudine
577 1771 757 1848 fimulacra
786 1769 941 1858 habent3
974 1791 1143 1867 quorum.
1159 1795 1262 1847 con·v

258 1897 287 1939 “
305 1911 402 1968 texta
420 1889 610 1974 viminibus
635 1893 797 1970 membra
809 1889 909 1968 rivis
924 1887 1127 1968 hominibus
1147 1914 1253 1968 com·

259 2018 289 2059 “
307 2016 428 2114 plenta
466 2011 595 2114 quibus
621 2011 801 2105 succensas,
840 2011 1071 2110 circumuenti
1102 2015 1254 2088 flamma

260 2135 554 2214 “exanimantur
582 2134 756 2212 homines.
804 2130 986 2234 Subplicia
1016 2151 1156 2225 eorum,
1186 2131 1254 2232 qui

259 2261 289 2302 “
308 2257 345 2332 in
366 2255 475 2348 furto,
500 2276 560 2330 aut
582 2255 618 2329 in
635 2255 833 2347 latrocini0,
864 2276 924 2332 aut
938 2253 1058 2354 aliqua
1073 2277 1171 2331 noxa
1188 2229 1255 2328 snit

127 2362 131 2371 ’
259 2381 288 2421 “
307 2376 567 2473 comprehenfi,
590 2375 737 2474 gratiora
753 2374 820 2450 diis
843 2375 1088 2450 inmortalibus
1101 2376 1176 2452 etse
1197 2397 1253 2452 ar·

260 2502 289 2541 “
306 2494 504 2574 bitrantur:
535 2491 608 2584 scd,
630 2519 743 2591 quum
756 2491 828 2592 ejus
845 2493 981 2593 generis
997 2496 1101 2592 copia
1113 2495 1254 2590 deficit,

259 2623 289 2663 “
305 2613 413 2694 etiam
430 2616 473 2690 ad
491 2612 732 2689 innocentium
755 2612 924 2710 subplicio
946 2612 1204 2689 descendunt.”

306 2736 427 2810 XVII.
452 2739 484 2777 “
509 2735 629 2808 Deum
658 2731 816 2806 maxime
842 2731 1066 2808 Mercurium
1093 2735 1252 2810 colunt:

212 2851 217 2865 '
260 2855 289 2899 ‘³
307 2849 410 2951 hujus
424 2850 517 2929 'sunt
545 2850 698 2952 plurima
725 2854 932 2930 simulacra:
962 2854 1059 2930 hunc
1083 2855 1253 2932 nmmum

260 2980 289 3020 “
306 2974 528 3054 inventorem
554 2955 837 3054 artium'ferunt:
863 2973 959 3070 hunc
981 2973 1121 3052 viarum
1140 2995 1253 3078 atque

260 3094 318 3142 “
308 3093 476 3172 itinerum
491 3095 636 3186 ducem,
648 3095 745 3170 hunc
757 3096 803 3178 ad
820 3095 970 3195 quaestus
981 3094 1140 3196 pecunia
1154 3120 1249 3174 mer·

262 3224 291 3262 “
309 3214 515 3326 caturasque
536 3215 722 3292 habere
687 3242 763 3320 urm
786 3215 997 3310 maximam,
1026 3216 1249 3294 arbitrantur

217 3335 220 3346 ‘
262 3336 392 3426 “Post
409 3339 519 3428 hunc,
548 3335 769 3436 Apollinem,
796 3343 832 3414 δι
856 3341 1026 3431 Martem,
1052 3341 1248 3434 &Jovem,

263 3464 292 3502 “
311 3461 345 3532 δι
365 3439 584 3534 Minervam.
632 3458 692 3534 De
707 3457 760 3532 his
776 3458 939 3534 eamdem
954 3455 1040 3550 fere,
1063 3483 1169 3557 quam
1192 3482 1247 3532 re·

262 3582 293 3622 “
310 3575 417 3676 liquae
446 3597 580 3680 gentes,
608 3577 745 3677 habent·
768 3577 974 3681 opinionem
986 3608 999 3668 3
1023 3575 1246 3678 Apollinem,

263 3701 293 3741 “
309 3697 452 3773 morbos
480 3698 657 3799 depellere
669 3726 682 3787 3
715 3697 933 3794 Minervam,
963 3723 1111 3800 operum
1141 3717 1246 3800 atque
