2814 4754
220 419 293 472 220
489 391 935 489 C.Jun11Cmsan1s
1044 493 1050 513 ἱ

220 567 331 666 posse,
349 563 613 640 demonstrant:
648 562 853 640 miserantur
873 584 1103 638 communem
1127 560 1221 636 Gal·

221 684 277 760 liae
295 682 491 760 fortunam:
519 685 683 762 omnibus
710 683 1034 784 pollicitationibus,
1061 707 1103 757 ac
1122 695 1232 782 prae-'

220 804 303 882 miis
328 805 534 904 deposcunt,
561 806 623 906 qui
648 806 732 898 belli
755 804 894 880 initium
921 804 1065 894 saciant,
1096 809 1132 878 δι
1162 801 1220 878 sui

222 923 345 1024 capitis
371 925 529 1024 periculo
547 926 700 1002 Galliam
727 927 763 1000 in
793 929 991 1002 libertatem
1019 924 1253 1028 vindicentg

223 1043 311 1144 Ejus
338 1045 374 1126 in
398 1046 520 1146 primis
551 1047 721 1121 rationem
745 1049 945 1124 habendam
962 1047 1099 1136 dicunt,
1117 1044 1221 1144 prius

222 1192 332 1266 quam
365 1192 488 1241 eorum
519 1167 731 1243 clandestina
758 1169 898 1244 confilia
938 1169 1140 1260 efferantur,
1176 1188 1219 1244 ut

223 1287 339 1363 Caesar
362 1291 408 1363 ab
432 1288 586 1364 exercitu
612 1287 891 1380 intercludatur:
930 1287 969 1364 id
1001 1291 1069 1364 else
1095 1288 1219 1381 facile,
1292 1299 1301 1312 '

194 1491 198 1500 ,
224 1407 324 1508 quod
341 1433 456 1509 neque
477 1409 645 1508 legiones,
662 1410 803 1485 absente
818 1413 1047 1509 Imperatore,
1064 1412 1222 1486 audeant

224 1553 271 1604 ex
287 1530 438 1605 hibernis
455 1529 599 1630 egredi;
624 1554 741 1630 neque
757 1532 952 1629 Imperator
968 1533 1038 1604 srne
1054 1531 1223 1629 praefidio

191 1650 272 1736 „ad
300 1649 455 1752 legiones
483 1651 663 1749 pervenire
696 1654 815 1751 poffit:
860 1651 1035 1750 postremo
1067 1651 1105 1725 in
1137 1650 1222 1726 acie

224 1769 390 1870 praestare
403 1770 564 1863 interfici,
582 1797 690 1872 quarn
706 1798 778 1847 non
794 1792 946 1848 veterem
961 1771 1045 1848 belli
1062 1770 1220 1870 gloriam

225 1891 509 1994 libertatemque,
535 1920 642 1995 quarn
665 1891 896 1994 amajoribus
921 1889 1131 1993 acceperint,
1162 1917 1221 1968 re·

226 2039 431 2113 cuperare..
1135 2016 1139 2030 '
1182 2031 1207 2116 J

274 2137 322 2212 Il.
363 2136 435 2212 His
468 2137 569 2214 rebus
600 2135 751 2237 agitatis,
786 2137 993 2235 profitentur
1028 2136 1219 2228 Carnutes,

227 2264 257 2304 “
273 2256 308 2333 se
329 2259 468 2333 nullum
491 2257 700 2357 periculum,
728 2258 930 2334 communis
952 2257 1067 2333 salutis
1084 2259 1220 2350 caussa,

226 2384 255 2426 “
271 2376 447 2464 reeusare3
474 2376 716 2494 principesque
738 2402 784 2452 ex
803 2378 968 2452 omnibus
986 2379 1119 2455 bellurn
1142 2377 1221 2454 fac·

226 2505 256 2544 “
273 2517 368 2574 turos
383 2497 615 2598 pollicentur3
642 2503 692 2589 δι,
711 2499 878 2598 quoniam
897 2496 1133 2594 inpraesentia
1149 2500 1219 2576 ob·

192 2678 194 2686 ,
227 2625 262 2664 “¹
275 2619 403 2696 fidibus
425 2619 515 2694 inter
529 2619 563 2694 se
578 2644 700 2694 cavere
716 2644 787 2692 non
804 2619 1006 2715 poffint,'ne
1021 2643 1075 2691 res
1092 2619 1221 2696 effera·

227 2744 257 2784 “
272 2756 341 2828 tur,
365 2759 406 2812 ut
426 2736 654 2838 jurejurando
680 2763 722 2811 ac
753 2739 825 2812 lide
852 2735 1038 2828 sanciatur,
1069 2755 1215 2848 petunt,

228 2865 258 2904 “
275 2857 421 2934 conlatis
435 2857 646 2966 militaribus
660 2857 777 2959 fignis,
791 2883 864 2958 quo
881 2881 978 2932 more
994 2883 1116 2934 eorum
1134 2885 1219 2960 gra·

129 2985 134 2992 '
228 2986 257 3026 “
275 2965 418 3056 vissrmae
443 2979 642 3058 cerimonia
666 2978 901 3078 continentur,
929 3004 974 3055 ne
995 2977 1088 3056 sasto
1111 2979 1218 3056 initio

228 3108 256 3147 “
275 3102 357 3180 belli
371 3105 417 3180 ab
433 3103 573 3203 reliquis
589 3100 825 3180 deserantur.”
864 3102 977 3194 Tum,
996 3101 1217 3178 conlaudatis

227 3224 453 3318 Carnutibus,
469 3222 786 3325 datojurejurando
800 3225 845 3300 ab
862 3221 1042 3316 omnibus,
1054 3223 1117 3324 qui
1132 3224 1222 3304 ade-r

174 3347 177 3353 ’
228 3367 319 3438 rant,
337 3368 494 3449 ternpore
509 3343 582 3446 ejus
602 3346 653 3424 rei
675 3344 878 3438 constituto,
903 3347 950 3424 ab
973 3345 1126 3422 concilio
1145 3342 1214 3422 dis·

228 3466 374 3543 ceditur.
443 3519 450 3528 ·
603 3484 605 3488 '

277 3588 343 3664 Illa
379 3587 455 3664 Ubi
483 3613 525 3663 ea
551 3587 626 3666 dies
652 3586 764 3680 venit,
790 3588 975 3681 Carnutes,
993 3588 1145 3664 Cotuato
1173 3588 1210 3660 dc

227 3703 463 3786 Conetoduno
477 3709 641 3804 ducibus,
658 3707 841 3812 desperatis
857 3709 1076 3803 hominibus,
1093 3708 1213 3784 Gena-
