2866 4754
249 435 1247 523 m

299 629 1191 752 ARGUMENTUM

425 845 1093 982 L1ssuk1QUART1'

701 1059 787 1122 DE

278 1210 1197 1300 BELLOGALLICQ

252 1503 286 1586 Ι.
302 1423 505 1582 USIPE
513 1494 624 1581 TES
651 1501 696 1582 ii
714 1494 935 1583 Tencbtheri
944 1499 1133 1598 Germani,
1152 1529 1227 1580 me-

251 1664 293 1728 tu
322 1645 534 1740 Suevorum,
562 1671 676 1725 navas
687 1641 769 1752 sbi
779 1641 883 1752 sedes
910 1641 950 1724 in
970 1641 1102 1725 Galliis
1119 1671 1223 1766 quae-

252 1794 367 1859 runt:
397 1777 470 1856 IV.
493 1774 899 1886 Menapiasquefimibus
916 1777 1108 1884 expellunt.
1149 1778 1223 1874 VI.

252 1908 340 1991 Inde
351 1901 407 1988 ad
411 1905 597 1992 Eburones
611 1907 655 1987 ἔθ’
670 1904 866 2016 Condrusae
882 1906 1064 2013 traefiati,
1092 1935 1117 1984 a
1136 1909 1224 1988 Ca-

240 2043 345 2151 stere,
373 2041 470 2121 XII.
499 2037 666 2150 quamvis
677 2037 837 2146 primum
850 2037 1003 2148 equestri
1009 2053 1140 2145 pugna
1149 2041 1225 2146 ste-

239 2171 417 2284 periares,
445 2173 540 2251 XV.
563 2168 641 2278 past
664 2186 782 2250 tamem
800 2169 925 2278 cestris
942 2185 1154 2250 exuuntur:
1182 2197 1227 2250 ae

250 2301 416 2416 reliquia
433 2300 486 2388 ad
498 2299 704 2410 Sigambros
726 2317 832 2382 trans
850 2301 1016 2383 Rhenum
1026 2303 1073 2410 se
1090 2301 1224 2414 reuiui-

249 2453 333 2520 unt.
381 2436 518 2516 XVII.
550 2434 676 2545 Castae
692 2431 885 2542 fiabricata
906 2451 1031 2545 ponte,
1064 2435 1222 2519 XVIII.

249 2567 416 2650 Rhenum
442 2567 574 2674 traefit
586 2605 600 2664 3
630 2563 835 2672 Sigambros
861 2566 1046 2676 ulcffcitur
1058 2605 1073 2666 3
1103 2555 1233 2654 XIX.

253 2700 359 2783 Ubios
380 2699 524 2781 liberat.
576 2697 700 2781 XXI.
728 2697 817 2780 Inde
843 2698 883 2780 in
903 2700 1063 2781 Galliam
1092 2728 1223 2822 rever-

195 2883 200 2888 ,
236 2837 319 2942 stes,
349 2834 507 2916 XXIII.
537 2830 732 2912 eMariuie
749 2833 788 2912 in
801 2831 1038 2916 Britanniam
1053 2833 1223 2942 trajicit:
1350 2812 1355 2824 ’

250 2968 405 3049 XXIV.
433 2982 542 3074 atque
558 2989 657 3071 agre
674 2961 712 3042 in
729 2980 868 3043 terram
885 2968 1034 3073 expoſsto
1050 2967 1222 3062 exercitu,

251 3099 425 3181 XXVII.
454 3095 585 3177 incolas
601 3093 641 3173 iu
659 3091 863 3174 deditionem
884 3096 1030 3204 accipit.
1086 3097 1221 3179 XXX.

251 3230 328 3341 Qui
341 3248 474 3322 tamen,
505 3223 600 3336 quod
613 3222 793 3334 adstiiiam
810 3226 1009 3334 tempestate
1026 3229 1225 3310 Romanam

251 3360 399 3482 claffem,
429 3359 693 3470 equitatumque
720 3354 841 3466 abeffe,
870 3355 1050 3455 uiderent,
1073 3359 1228 3442 animati

249 3495 436 3578 rebellant.
455 3493 628 3575 XXXV.
644 3485 719 3573 Sed
730 3473 1006 3600 denuostebaii12
1023 3490 1218 3578 XXXVI.

250 3623 571 3744 obfidesaradumte
602 3625 796 3738 Casterque
812 3621 852 3704 in
872 3621 1030 3706 Galliam
1046 3623 1153 3715 redit.

708 3755 801 3848 He
