2912 4750
261 407 351 470 ,μι
584 341 1043 479 nonuncunuon
1145 359 1149 366 ’

336 541 571 602 Durocortorum.
611 537 689 598 Urbe
715 540 773 600 Ar·
810 555 877 597 ouer
905 533 1020 614 josephi
1058 535 1218 618 Scaligeri;
1244 537 1292 598 ubi

295 618 514 697 chiepilcopaliu‚
541 631 627 695 eaput
652 617 774 678 Rhemo-
813 613 969 675 traducitur
990 613 1125 676 sententia
1145 616 1294 678 llultiffima

297 719 370 759 rum.
412 696 530 754 Laville
542 699 573 754 de
586 696 678 755 Reim.
814 690 1107 770 eorum,quiElusater
1115 694 1294 754 eosdemcuur

281 775 285 784 '
336 773 494 833 Duronium
523 771 636 834 flumen.
686 773 778 851 Hujus
814 751 1116 830 Foxeusrbuslaciunt.
1159 813 1175 832 ,-

296 851 419 914 fluminis
432 850 464 910 in
483 853 581 910 ottavo
596 851 776 910 Commenta·
854 847 942 916 Ellui,
962 846 1137 926 ignorantur.

296 931 339 990 rio
347 931 383 988 de
392 929 470 988 Bello
479 929 593 988 Gallico
603 949 705 989 nomen
713 927 778 1006 qui·
817 985 821 994 ,
908 966 912 968 -
1015 925 1077 988 ·G.

295 1008 359 1066 dem
374 1027 431 1065 nou
453 1021 541 1076 extat,
561 1005 608 1064 sed
621 1020 713 1066 tamen
736 1006 779 1064 ibi
898 1001 992 1066 Abali.
1021 1002 1057 1060 Le
1064 1019 1130 1080 pays
1144 1003 1175 1061 de
1188 1003 1295 1062 orvan-

295 1085 464 1164 delignatur,
483 1083 513 1143 iu
533 1087 610 1161 cujus
633 1082 780 1143 editiffimo
916 1081 979 1148 dan,
998 1101 1118 1158 quorum
1140 1094 1229 1159 caput.
1245 1081 1294 1138 ho-

298 1168 326 1220 &
345 1160 467 1222 maxime
480 1177 620 1240 praerupto
634 1162 705 1220 colle
718 1162 779 1220 Ux·
814 1157 861 1216 die
875 1157 939 1216 urbs
960 1157 1153 1218 Mimatenlis:
1174 1156 1297 1218 La-villr

299 1241 461 1300 ellodunum
484 1240 567 1298 litum
592 1240 639 1300 est.
679 1238 722 1299 La
744 1248 780 1296 ri·
815 1236 1160 1296 drMandeenGr'vaudan.
1201 1233 1296 1294 Estci·

298 1327 374 1377 ualere
398 1315 478 1376 dela
511 1315 655 1396 Durdugne.
703 1316 781 1376 Nam
815 1314 886 1372 vitae
899 1311 1070 1392 Episcopaliu
1084 1312 1241 1393 provinciae
1250 1311 1296 1372 Bi·

320 1395 439 1455 rioribur
476 1393 589 1472 quidem
612 1393 781 1472 temporibus
815 1389 871 1450 turi
912 1411 940 1448 m
957 1391 1102 1452 attributa.
1144 1391 1296 1470 Nugantur

298 1417 444 1532 butanius
456 1471 555 1542 fluvius
567 1470 668 1540 dilluu,
681 1487 712 1530 ut
723 1472 780 1530 Au·
814 1467 863 1547 qui
895 1467 971 1534 odie,
979 1468 1132 1548 subjiciunt
1144 1468 1296 1528 Arelateuli

269 1571 272 1581 ’
299 1549 377 1610 ionio
392 1551 418 1607 u
431 1549 567 1608 Sidonio:
588 1549 782 1628 posterioribus
817 1546 975 1623 metropoli.
1009 1597 1015 1604 .
1206 1574 1214 1586 ε

299 1647 366 1684 vero
396 1626 556 1692 Dordonia,
586 1642 617 1684 ut
638 1625 780 1706 Gregorio
854 1623 948 1683 Galli.
985 1621 1109 1702 Qinam
1121 1621 1165 1684 illi
1179 1621 1295 1692 Cael'ari,

299 1701 467 1761 Turonenli.
516 1701 727 1762 Nobiliffimuur
753 1709 780 1760 δι
816 1715 927 1779 apparet
953 1721 988 1761 ex
1009 1699 1094 1759 initio
1118 1701 1187 1760 libri
1212 1701 1298 1778 primi
1332 1735 1334 1740 ·
1399 1736 1402 1744 ·

301 1781 492 1858 amplilsrmum
506 1779 608 1839 humen
621 1780 781 1858 Aquitania
815 1777 1087 1869 Commentariorum
1101 1777 1184 1857 ipius
1194 1779 1232 1838 de
1240 1779 1298 1839 bel.

300 1857 452 1920 secundum
465 1857 650 1920 Garumnam.
663 1917 665 1924 ,
815 1858 845 1916 lo
859 1856 983 1915 Galhco.

524 1935 559 1994 Ε,
855 1933 969 1992 Garites
982 1932 1012 1992 in
1026 1932 1297 2013 Novempopulania,
1421 1991 1422 2008 ,

365 2013 507 2081 latrones,
536 2013 585 2090 qui
608 2017 634 2071 tir
666 2008 781 2071 Aulerci
817 2012 872 2071 five
896 2010 1048 2088 Aquitania
1067 2011 1197 2082 Caesaris,
1218 2011 1296 2090 igno-

392 2092 550 2166 Eburones,
569 2090 670 2170 Belgae.
690 2143 693 2154 ,
711 2089 782 2148 Tre·
818 2103 931 2156 rantura
951 2087 1002 2149 nili
1010 2089 1237 2159 suntGavaritani
1245 2089 1297 2148 hoo

302 2167 562 2229 virorumcli'enteu.
587 2167 675 2227 Eburi
682 2165 781 2246 Dioni.
818 2167 865 2236 est,
885 2165 908 2224 le
916 2181 980 2242 pays
991 2167 1023 2225 de
1031 2168 1192 2232 Gavardau.

251 2261 257 2265 ·
303 2248 416 2304 Horum
428 2246 495 2304 urbe
506 2245 592 2307 hodie
605 2245 743 2305 Leodium
757 2251 784 2302 δι
857 2242 1002 2306 Garoceli.
1041 2244 1164 2323 Inalpini
1191 2241 1297 2324 populi.

303 2322 458 2382 leodicum
471 2323 592 2394 dicitur;
612 2324 698 2400 vulgo
711 2321 782 2399 apud
821 2319 974 2380 Marlianus
987 2327 1014 2379 δι
1037 2321 1191 2397 Paradinus
1210 2319 1296 2383 eosiu

304 2401 403 2462 Gallos
412 2401 509 2480 Liege3
524 2401 681 2470 Teutones,
695 2400 784 2470 Luicl,
821 2413 914 2460 monte
927 2399 1003 2458 Murra
1016 2400 1089 2460 Cear's
1101 2395 1191 2470 dieto,
1211 2399 1296 2459 collo·

305 2477 459 2540 &lucrida
505 2510 507 2513 ·
593 2527 594 2530 ,
694 2505 696 2508 ·
819 2491 895 2546 cant,
915 2477 1018 2542 Valde
1037 2478 1188 2549 Muraenae,
1212 2478 1296 2558 Vige-

273 2567 277 2572 ’
343 2554 525 2616 Eburovices.
578 2554 654 2614 Urbs
672 2574 785 2616 reorum
820 2575 913 2615 nereo.
1003 2602 1005 2604 .
1088 2610 1093 2614 .

304 2632 486 2713 Episcopalis,
503 2632 696 2704 Mediolanum
710 2634 785 2694 Ebu·
860 2633 1014 2692 Garumna.
1065 2629 1180 2692 Fluvios
1206 2631 1296 2692 Celtae

288 2710 443 2778 roricum,
463 2711 493 2766 la
505 2709 572 2768 ville
590 2710 733 2768 d’Evreus.
821 2708 855 2768 ab
869 2709 1017 2786 Aquitanis
1026 2709 1166 2774 dividens.
1206 2711 1296 2770 Ptole·

239 2859 243 2865 .
344 2786 454 2856 Elaver,
474 2786 615 2845 Celtarum
626 2787 731 2846 flumen
753 2787 785 2846 in
820 2787 1295 2866 maeoGaryuaell,Garonuehodie.

307 2863 453 2921 Arvernis.
474 2863 724 2924 AllierMarlieno.
755 2865 782 2921 Ι-
821 2863 994 2935 Garumnos,
1014 2865 1094 2944 hujus
1111 2867 1232 2940 accolas,
1250 2886 1295 2928 uo·

305 2943 370 3001 dent
383 2961 447 3002 cum
461 2941 537 3002 Elati
550 2941 670 3002 Sidonii.
710 2942 787 3002 Vide
822 2941 909 3001 minat
922 2942 1022 3003 Caesar.

307 3017 472 3080 Gabrielem
487 3019 659 3080 simeonium
672 3019 704 3080 iu
717 3021 786 3080 Dia·
860 3019 1000 3079 Garumni
1023 3019 1054 3080 in
1074 3019 1296 3100 Novempopuli·

307 3097 376 3176 logo
390 3097 437 3177 pio
452 3104 478 3158 δι
491 3097 669 3178 speculativo.
822 3095 880 3164 uia,
899 3098 1072 3176 ignorantur.
1237 3153 1240 3160 .

348 3177 503 3237 Eleutheri.
529 3177 595 3236 Vox
613 3175 671 3254 ipsa
683 3175 787 3238 Graeea
860 3174 1298 3246 Gebennnffiebennicimou·
1385 3213 1387 3220 ·

238 3255 241 3266 ¹
307 3253 371 3316 satis
385 3255 492 3320 indicat
505 3255 560 3314 hoc
574 3254 685 3317 nomine
699 3274 786 3332 popu·
820 3264 872 3322 tes,
892 3252 940 3330 qui
963 3255 1104 3314 Arvernos
1130 3253 1166 3312 ab
1189 3253 1297 3314 Helviis

251 3363 258 3378 -
308 3335 351 3394 los
366 3333 503 3392 immunes
528 3333 598 3391 dici.
622 3331 691 3392 Ideo
704 3331 787 3394 Eleu·
821 3327 954 3408 separant.
1013 3332 1182 3397 Cemmenus
1224 3349 1297 3392 mour

308 3409 381 3469 theri
394 3411 552 3471 Suetlones:
572 3409 716 3470 Eleutheri
734 3410 789 3469 Ca·
824 3406 985 3472 Ptolemaeo.
1024 3410 1177 3490 Moutagnes
1197 3411 1229 3470 de
1253 3409 1297 3468 ce·

308 3487 390 3546 durci
400 3488 515 3548 Caesari.
821 3506 927 3545 vernes.

347 3563 481 3627 Elusater.
519 3567 556 3624 le
562 3580 629 3644 pays
640 3565 737 3640 d'lirffe
757 3585 789 3623 en
861 3565 1022 3627 Genabum.
1058 3564 1172 3626 Civitas
1189 3563 1299 3626 Aureli-

308 3641 445 3717 Gascagre.
486 3643 593 3703 Eorum
615 3644 687 3704 olim
709 3643 787 3722 Epis·
822 3661 936 3702 anorum
947 3644 1129 3724 Episcopalie,
1148 3643 1218 3704 olim
1232 3644 1298 3704 Cur·
1399 3655 1404 3668 '

276 3799 285 3804 „
308 3730 434 3807 cupatur,
445 3719 541 3808 ‚Elusa
560 3721 786 3814 Noyempopula-
821 3719 933 3780 nuribus
945 3722 1089 3792 attributa,
1102 3720 1299 3786 aerocaetaris.

306 3813 374 3854 nrau.
414 3793 491 3855 Vrde
517 3797 686 3861 Aulonranau
709 3801 787 3876 letu-
819 3797 861 3858 la
873 3797 939 3859 ville
950 3800 1103 3862 d’Orleaus.
