2912 4750
319 336 1064 448 'FRAGMENTml-
1180 405 1238 468 409

169 593 171 598 .
231 611 234 618 ‚
254 548 319 594 unte
332 532 407 596 iuter
418 532 490 604 suos,
512 535 594 611 Irese
606 537 644 593 ad
654 542 789 594 exercitum
798 539 858 612 siue
871 534 942 603 duee,
963 529 1067 600 &iude
1081 529 1241 605 reversurum

159 693 174 705 ,
253 637 294 692 ad
302 637 450 713 dueemstne
462 644 585 696 exercitu.
626 635 773 696 Suetonius
787 645 814 693 ie
827 635 933 714 Caesare
943 654 967 692 e.
982 649 1086 690 xxxrv.
1101 687 1115 702 ,

295 737 437 815 Ptolspsus
458 736 487 796 in
506 737 608 816 egressu
627 735 716 806 novis,
735 735 814 796 verso
827 736 862 794 ad
876 733 973 794 melius
985 731 1090 801 omine,
1111 729 1192 788 Teneo
1205 744 1242 800 te,

257 831 361 914 inquit,
385 839 493 916 Africa.
534 837 683 898 Suetonius
696 845 723 894 in
735 837 839 913 Cessare
851 859 874 895 c.
893 855 959 895 utu.

298 936 394 1015 Qum
417 937 585 1016 exspectatio·
605 937 738 996 adventus
751 935 830 1012 Julrae
843 935 975 996 tetribilis
987 934 1063 1001 ellet,
1083 931 1244 1004 convocatis
1283 990 1287 1002 ,

169 1027 174 1044 '
255 1036 291 1094 ad
314 1036 480 1096 concionem
504 1037 652 1106 militibus,
680 1037 784 1107 Scitote,
805 1035 909 1114 inquit,
925 1036 1079 1113 paucffnis
1099 1035 1138 1093 his
1158 1035 1245 1094 diebus

258 1137 354 1215 Regem
372 1140 528 1216 affuturum
543 1159 598 1196 eum
616 1157 635 1195 x
648 1135 796 1218 legionibus,
814 1145 923 1215 equiturn
936 1155 1004 1206 xxx,
1023 1135 1090 1196 levis
1102 1143 1247 1196 amotum

261 1254 279 1294 c
308 1235 420 1307 milibus,
456 1235 596 1316 elephantis
613 1229 696 1298 'ecce
737 1237 845 1294 Proinde
866 1239 980 1314 deſsnaut
1006 1238 1108 1312 quidam
1132 1259 1246 1314 quesere

259 1335 344 1407 ultra,
364 1351 412 1395 aut
435 1345 550 1412 opinari3
569 1336 691 1416 mihique,
712 1347 757 1416 qui
773 1351 922 1418 compertum
942 1334 1034 1404 habeo,
1052 1337 1173 1394 erederet:
1199 1352 1247 1395 eut

261 1440 358 1515 quidem
371 1437 535 1514 vetusttffima
547 1460 620 1496 nave
633 1443 760 1516 inpositos,
781 1459 927 1517 quocumque
945 1452 1022 1496 venio
1037 1445 1064 1493 t'n
1086 1439 1247 1516 quascumque
1273 1487 1276 1500 .

256 1553 340 1596 terras
344 1536 443 1618 jubebo
455 1538 546 1596 avehi.
587 1539 734 1598 Suetonius
746 1547 773 1597 in
787 1540 892 1616 Caesare
904 1561 928 1596 c.
944 1555 1038 1596 uxvr.

297 1639 404 1715 Jallure
423 1637 533 1709 solitus,
563 1637 666 1698 Milites
679 1641 740 1716 suos
761 1648 839 1698 etiam
860 1654 1027 1718 unguentatos
1049 1637 1110 1697 bene
1126 1651 1245 1716 pugnare

254 1741 341 1819 pff:
373 1758 425 1798 nec
447 1739 546 1798 Milites
571 1759 618 1798 eos
645 1760 695 1816 pro
717 1740 865 1809 concione,
897 1738 944 1799 sed
967 1735 1108 1799 blandiori
1132 1736 1247 1819 nomine

259 1839 442 1896 commilitones
455 1839 620 1916 adpellabut.
660 1839 808 1898 Suetonius
822 1844 851 1896 in
864 1840 1002 1915 Caesaree.
1020 1856 1123 1897 uxvrr.

298 1936 441 2016 Quosdam
464 1937 553 1997 infimi
574 1938 741 2017 generiuad
763 1939 937 2018 amplillimos
963 1939 1080 1998 honores
1106 1937 1245 2015 provexit.

258 2037 355 2118 Qum
375 2037 415 2098 ob
437 2037 468 2097 id
489 2040 658 2116 culparetur,
679 2038 809 2116 professus
825 2040 862 2098 est
876 2030 978 2117 nalem,
987 2043 1019 2117 fi
1027 2039 1198 2116 graffietorum
1210 2037 1247 2099 δ’

252 2144 408 2219 ficariorum
426 2155 469 2218 ope
489 2143 519 2197 in
538 2139 633 2198 tuenda
646 2141 703 2218 flea
715 2143 841 2219 dignitate
853 2143 909 2214 uſses
921 2142 988 2216 effet,
1009 2136 1105 2197 talibus
1117 2141 1250 2218 quoquese
1326 2211 1328 2216 Ι

132 2310 138 2320 .
251 2255 348 2320 parem
358 2251 471 2320 gratiam
486 2241 635 2304 relaturum.
674 2240 822 2300 Suetonius
835 2244 864 2298 in
878 2241 985 2315 Caesare
995 2261 1019 2299 c.
1037 2257 1146 2299 uxxrr.

301 2331 489 2420 Interrogatus
511 2361 561 2400 cur
581 2341 743 2434 repudigllet
756 2360 885 2407 uxorem,
906 2341 1045 2434 Qoniam,
1064 2339 1167 2419 inquit,
1186 2363 1250 2400 urens

263 2457 316 2500 tem
324 2445 471 2519 suspicere,
494 2464 570 2520 quam
583 2449 685 2502 crimine
692 2445 783 2522 judice
795 2463 882 2502 carere
894 2456 1013 2519 oportere.
1055 2441 1202 2502 Suetonius
1222 2451 1251 2502 itt

262 2542 367 2618 Caeseee
379 2566 402 2603 e.
420 2562 530 2604 uxxrt’.

301 2643 374 2703 Acie
387 2643 539 2704 Pharsalica
554 2644 747 2724 proclamavit,
760 2645 798 2704 Ut
808 2643 907 2705 civibus
914 2658 1074 2726 parceretur.
1103 2642 1251 2706 Suetonius

263 2749 293 2804 in
307 2746 412 2820 Caesm
425 2770 447 2806 e.
465 2765 559 2807 uxxv.
603 2748 668 2805 Vide
681 2745 715 2806 ti
729 2747 842 2806 Florum
856 2746 877 2806 l.
894 2766 941 2806 rv.
956 2769 979 2806 c.
998 2765 1044 2814 rr,
1060 2765 1107 2825 50.

232 2885 236 2898 .
259 2883 262 2890 -
300 2844 364 2902 Nec
380 2844 496 2903 minoris
506 2846 670 2924 inpotentiae
681 2867 764 2906 voces
773 2847 913 2926 propalam
921 2847 1032 2917 edebat,
1042 2862 1073 2906 ut
1081 2847 1119 2905 T.
1131 2845 1249 2926 Ampius

263 2938 378 3002 scribit:
400 2942 484 3001 Nihil
493 2945 540 3020 effe
552 2944 756 3019 Rempteblicam,
776 2945 971 3022 adpellatiouene
984 2949 1062 3016 modo,
1069 2952 1130 3024 stete
1142 2962 1250 3023 torpore,

260 3064 296 3101 ere
310 3045 404 3118 speeie.
448 3044 548 3102 Sullam
574 3045 671 3122 nesesst
694 3044 805 3111 litteras,
837 3053 882 3121 qui
905 3045 1075 3112 Die‘iaturam
1100 3048 1249 3125 depofuei'it.

259 3141 367 3204 Debere
378 3141 485 3202 homines
498 3146 703 3222 mſsdereetus·
680 3166 744 3222 Jam
756 3143 826 3223 loqui
830 3149 928 3240 seeum,
946 3167 978 3203 ac
986 3160 1034 3222 pro
1046 3145 1142 3232 legibus
1154 3145 1250 3208 habene

266 3245 416 3322 quisdicat.
457 3244 627 3305 Suetonius
616 3268 644 3303 tn
656 3247 799 3323 Caesaree.
817 3245 943 3305 uxivrr.

270 3343 403 3422 quue
419 3343 583 3424 arrogantius
595 3345 745 3426 progrellus
758 3348 806 3417 est,
826 3361 856 3406 ut
872 3345 1026 3424 Haruspice
1039 3344 1136 3418 tristia,
1156 3355 1183 3408 ic
1193 3349 1252 3414 fine

263 3443 349 3503 eorde
372 3457 435 3502 exta
456 3443 532 3504 sacro
554 3444 674 3523 quodam
696 3446 856 3516 nunciante,
886 3446 987 3509 Futura
1008 3445 1115 3506 diceret
1136 3445 1250 3520 laetiora,
1298 3455 1303 3462 '

147 3557 154 3566 “
265 3565 340 3622 quum
360 3542 457 3603 uellet:
486 3567 531 3604 nec
551 3560 600 3636 pro
625 3549 715 3624 osiento
738 3548 887 3617 ducendum,
903 3550 934 3625 ſs
952 3552 1043 3628 perede·
1063 3572 1106 3610 cer
1122 3552 1153 3608 de
1167 3552 1249 3629 uffi-

259 3643 412 3723 Suetonius
425 3651 453 3704 in
467 3645 572 3722 Caesare
585 3669 607 3706 e.
622 3666 748 3712 nxxvrt.
