2814 4754
357 421 408 474 on
431 399 563 476 Becco
590 399 779 476 Gnnnreo
804 339 903 476 Lm:
915 399 996 474 Vll.
1030 371 1035 382 ’
1097 427 1167 502 233

182 569 259 646 loci
281 570 522 666 continebant,
541 573 804 673 generatimque
817 571 993 650 distributi
1022 570 1061 646 in
1084 569 1172 652 civi·

185 707 289 782 tates,
315 693 436 768 omnia
451 694 542 768 vada
553 719 594 770 ac
609 691 713 770 saltus
729 692 802 794 ejus
824 691 962 793 paludis
976 692 1078 770 certis
1098 690 1174 768 cus-

180 810 290 906 ¹todiin
312 812 531 906 obtinebant,
550 816 594 890 fic
616 814 736 890 animo
753 813 877 915 parati,
896 817 1171 912 ut,s1eam,pa·

180 931 307 1010 ludem
324 935 479 1010 Romani
496 960 722 1034 perrumpere
737 955 958 1026 conarentur,
980 937 1173 1010 hesitantes

121 1040 123 1050 ’
181 1074 385 1151 premerent
407 1081 453 1130 ex
470 1057 551 1130 loco
578 1053 774 1154 superiore:
800 1075 855 1148 ut,
883 1057 946 1156 qui
963 1053 1172 1156 propinqui·

178 1192 295 1251 tatem
312 1175 382 1250 loci
398 1175 548 1266 videret,
567 1160 704 1275 paratos
725 1199 837 1276 prope
857 1189 961 1273 aequo
986 1175 1103 1250 Marte
1126 1174 1172 1248 ad

67 1293 70 1300 ’
179 1295 429 1372 dimicandum
456 1295 690 1394 existimaret:
717 1296 780 1396 qni
802 1295 1022 1394 iniquitatem
1050 1295 1173 1369 condi-

67 1465 74 1486 1
181 1414 293 1490 tionis
308 1414 525 1516 perspiceret,
554 1417 647 1494 inani
669 1416 885 1504 simulatione
912 1415 980 1491 sese
1002 1413 1173 1490 ostentare

185 1536 424 1637 cognosceret.
456 1540 683 1640 Indignantes
694 1538 821 1634 milites
838 1537 969 1629 Caesar,
978 1535 1076 1638 quod
1088 1561 1172 1611 con·

97 1749 100 1758 y
179 1655 341 1755 spedium
364 1658 463 1736 suum
489 1661 603 1737 hostes
630 1659 718 1736 serre
732 1661 892 1760 possent,
911 1660 1048 1734 tantulo
1064 1656 1174 1760 spatio
1299 1727 1303 1738 .

180 1777 376 1878 interjedio,
406 1785 441 1854 δι
464 1785 601 1878 fignum
626 1781 742 1879 proelii
765 1779 1003 1879 exposcentes,
1032 1780 1171 1870 edocet,

139 1906 144 1912 ”
186 1907 217 1990 ,“
235 1921 368 1998 quanto
400 1899 626 1991 detrimento,
661 1905 695 1974 ὃς
729 1919 815 1998 quot
843 1902 1002 1974 virorum
1030 1898 1173 1977 sortium

185 2027 216 2064 “
234 2039 347 2094 morte
363 2021 496 2100 neeesse
513 2024 551 2094 sit
562 2019 717 2096 constare
729 2018 929 2094 victoriam:
958 2043 1046 2116 quos
1059 2044 1172 2116 quum

184 2145 215 2188 “
234 2144 279 2215 sic
294 2139 414 2214 animo
426 2161 560 2237 paratos
576 2139 707 2230 videat,
725 2159 764 2214 ut
776 2140 913 2214 nullum
924 2165 987 2238 pro
1000 2136 1173 2214 sualaude

186 2265 216 2304 ‘⁸
234 2259 431 2358 periculum
453 2259 620 2351 recusent,
645 2257 796 2336 summaev
813 2257 846 2334 se
872 2258 1062 2359 iniquitatis
1085 2287 1171 2336 con-

70 2371 73 2378 ’
186 2387 217 2426 “
235 2379 394 2456 demnari
423 2380 563 2472 debere,
598 2379 674 2458 nisi.
687 2406 810 2458 eorum
840 2381 949 2458 vitam
978 2379 1037 2457 sua
1067 2381 1172 2458 salute
1287 2476 1289 2481 .

184 2507 213 2546 “
231 2502 355 2582 habent
371 2500 576 2577 cariorem.’'
624 2503 678 2577 Sic
691 2481 818 2582 milites
834 2501 1029 2578 consolatus
1045 2505 1171 2578 eodem

181 2619 241 2698 die
256 2621 401 2698 reducit
413 2622 449 2698 in
476 2623 604 2698 castra:
632 2625 846 2724 reliquaque,
872 2651 952 2724 quae
969 2625 1014 2698 ad
1029 2627 1170 2724 obpug-

181 2727 358 2822 nationem
371 2743 496 2842 oppidi
513 2745 744 2844 pertinebant,
764 2745 999 2822 administrare
1012 2745 1169 2824 instituit.

163 2877 166 2886 ’
228 2850 328 2937 XX„
343 2863 623 2962 Vercingetorix,
642 2893 754 2963 quum
767 2869 812 2942 ad
828 2866 904 2942 snos
918 2867 1070 2958 redisset,
1089 2893 1172 2965 pro·

165 2977 324 3056 ‘ditionis
340 2981 569 3072 insimulatus,
588 2987 686 3080 quod
701 2987 811 3064 castra
828 2988 969 3084 propius
987 2988 1179 3062 Romanor

182 3099 359 3191 moviffet,
386 3104 484 3200 quod
520 3125 603 3182 curn
640 3104 738 3182 otnni
773 3105 930 3201 equitatu
962 3105 1168 3197 disceffiffet,

183 3221 283 3320 quod
309 3223 378 3296 fine
403 3221 551 3319 imperio
569 3242 681 3302 tantas
707 3222 826 3320 copias
850 3224 1052 3321 reliquisset,
1071 3228 1169 3322 quod

177 3329 255 3441 ejus
274 3339 418 3416 discessu
437 3342 593 3418 Romani
616 3362 712 3426 tanta
742 3343 1004 3441 obportunitate
1030 3347 1169 3420 &cele-

182 3459 282 3546 ritate
299 3461 491 3537 venissent:
519 3489 592 3538 non
608 3465 685 3548 haec
705 3465 823 3546 omni-n
846 3463 999 3557 fortuito,
1018 3487 1077 3540 aut
1101 3470 1168 3544 srn'e

182 3583 325 3686 consilio
344 3583 502 3664 accidere
526 3584 696 3682 potuisse:
734 3611 885 3694 regnum
912 3587 1012 3662 illum
1042 3589 1167 3666 Galliae
1217 3575 1226 3586 ⁸

182 3705 285 3787 molle
300 3703 440 3781 Caesaris
456 3707 634 3799 concessu,
658 3731 767 3808 quam
785 3705 936 3806 ipsorum
951 3709 1088 3792 'habere
1104 3713 1166 3786 be-
