2866 4754
234 391 323 461 14o‚
433 421 438 432 .
493 365 978 462 .C.'Jrrn11CmsAn1s

230 545 329 623 omni
344 545 404 643 spe
421 545 616 644 inpetrandi
633 546 787 638 ademta,
815 545 988 646 principes
1005 544 1133 620 Galliae
1155 545 1229 622 sol-

229 667 373 758 licitere,
402 665 561 742 sevocare
587 669 753 766 fingulos,
779 665 981 766 hortarique
1009 667 1134 765 coepit,
1162 666 1230 742 uti

229 787 267 862 in
284 787 476 863 continenti
492 807 709 863 remanerent
718 813 732 876 ‘3
759 807 856 862 metu
870 788 1043 878 territare,
1060 813 1136 862 non
1154 791 1230 864 fine
1247 877 1251 902 ¹
1313 771 1316 778 ¹

230 911 346 983 caussa
362 909 452 1000 sieri,
469 919 528 982 '‘ut
543 909 660 982 Gallie
676 911 774 982 omni
790 909 974 984 nobilitare
988 908 1200 1018 spoliaretur
1217 936 1228 984 ε

202 1053 204 1058 ’
230 1028 268 1104 id
286 1032 355 1104 esse
381 1029 562 1106 confilium
591 1028 747 1119 Caesaris,
777 1049 831 1120 ut,
857 1045 945 1129 quos
959 1028 1005 1103 in
1028 1029 1232 1128 eonspeslu

231 1150 356 1224 Galliae
382 1149 577 1224 interlicere
595 1163 786 1241 vereretur,
812 1151 878 1225 hos
895 1175 1016 1230 omnes
1030 1149 1070 1228 in·
1084 1147 1231 1226 Britanss

231 1269 328 1346 niam
344 1269 558 1345 transdusibs
576 1289 738 1344 necaret:
769 1270 879 1344 sidem
896 1270 1036 1370 reliquis
1063 1271 1229 1372 interpo-

226 1399 338 1479 'nore3
360 1389 605 1490 jusjurandum
623 1389 786 1488 poscere3
815 1410 870 1482 ut,
891 1391 1073 1488 quod-elle
1096 1417 1146 1466 ex
1163 1389 1232 1466 usu

205 1526 209 1533 ’
232 1512 356 1588 Galliae
368 1510 627 1601 intellexissent,
645 1508 828 1587 communi
846 1510 986 1586 consilio
1002 1511 1229 1588 administra·

232 1652 321 1706 rent.
360 1659 363 1664 ’
409 1673 411 1680 1
514 1653 516 1658 ·
711 1645 716 1656 “
767 1699 771 1711 f
1174 1699 1175 1704 ,

177 1775 179 1780 ·
282 1752 365 1825 vll:
377 1753 484 1834 ssHaec
512 1777 533 1825 a
560 1750 801 1850 compluribus
829 1753 875 1826 ad
891 1749 1061 1826 Caesarem
1083 1748 1228 1826 defere-

233 1872 373 1948 bantur.
423 1877 504 1974 Qra
533 1887 577 1948 re
599 1875 755 1973 cognite,
788 1871 916 1964 Caesar,
951 1873 1049 1978 quod
1081 1865 1229 1951 tantum

233 1993 367 2070 civitati
394 1989 532 2070 AEduae‘
550 1995 728 2094 dignitatis
757 1994 933 2086 tribuerat,
966 1995 1226 2089 coercendum,
1272 2065 1275 2074 .

234 2109 342 2216 atque
366 2117 626 2208 deterrendum,
657 2114 937 2218 quibuscumque
964 2118 1068 2191 rebus
1095 2117 1227 2214 posset,

233 2231 497 2335 Dumnorigem
511 2233 707 2311 statuebat:
735 2239 833 2335 quod
850 2237 990 2336 longius
1010 2233 1084 2334 eju's
1095 2261 1228 2312 emen·

233 2354 320 2428 tiam
349 2355 523 2454 progredi
543 2356 698 2445 videbar,
713 2354 1030 2452 prospiciendum,
1066 2381 1111 2429 ne
1135 2356 1230 2455 quid
1300 2385 1304 2396 ·

194 2471 198 2478 ’
235 2473 298 2550 fibi
314 2493 356 2550 ac
373 2456 592 2573 Reipublicae
610 2498 738 2548 nocere·
752 2475 882 2570 possets
904 2525 905 2528 =
924 2474 1138 2572 ltaque'dies
1154 2476 1228 2550 cir,

234 2595 320 2670 citet
341 2621 422 2670 xxv
451 2595 488 2668 in
518 2620 561 2668 eo
587 2596 679 2671 loco¹
695 2577 948 2682 commoratus,
984 2593 1082 2690 quod
1109 2596 1229 2675 Corus

201 2755 203 2760 ·
234 2733 365 2788 ventus
372 2713 634 2815 navigationem
650 2712 862 2811 inpediebat,
883 2711 1129 2812 quimagnam
1144 2740 1227 2812 par·

232 2854 319 2908 tems
335 2835 450 2910 omnis
465 2835 631 2932 temporis
656 2833 690 2908 in
716 2833 771 2908 his
792 2833 879 2908 locis
905 2836 990 2937 slar'e
1014 2833 1224 2926 'consuevit-3

120 2957 122 2964 ’
193 2975 196 2981 ·
234 2955 516 3056 debatoperam,
540 2973 579 3032 ut
603 2955 640 3028 in
657 2953 772 3028 officio
788 2955 1047 3056 Dumnorigem
1064 2957 1225 3044 continu

222 3097 313 3164 ,ret;
339 3075 450 3151 nihilo
466 3095 584 3164 tamen
600 3073 709 3156 secius
729 3073 851 3152 omnia
877 3072 955 3173 ejus'
968 3076 1109 3153 confilie
1136 3104 1225 3179 cog·

115 3183 119 3192 ’
226 3197 391 3274 ,nosceret
402 3226 416 3286 ς
451 3199 594 3274 tandem
622 3195 787 3286 idoneam
813 3195 935 3277 nasius
958 3199 1226 3296 tempestatem,

237 3319 378 3410 milites,
417 3315 618 3418 equitesque
651 3315 883 3396 conscendere
914 3317 951 3393 in
979 3342 1085 3392 naves
1109 3317 1224 3417 jubet.

238 3441 289 3512 At
301 3438 461 3514 omnium
477 3437 641 3537 inpeditis
652 3435 791 3528 animis,
810 3435 1017 3528 Dumnorix
1028 3463 1110 3512 curn
1122 3438 1223 3536 equi·
1312 3493 1321 3504 .
1419 3535 1420 3552 χ

235 3557 328 3632 tibu's
343 3557 544 3634 AEduorum
557 3557 718 3648 acastris,
734 3555 897 3634 insciente
912 3557 1059 3647 Caesare,
1066 3559 1223 3637 domum

138 3659 142 3662 ⁵
198 3712 201 3715 *
236 3673 410 3762 discedere
426 3678 548 3777 coepit.
583 3677 682 3776 Qua
708 3677 939 3771 renunciata,
962 3675 1222 3769 Cesserun-
