2814 4754
433 397 485 453 na
503 373 634 454 unito
651 376 840 500 Gnumcu
865 379 959 466 Lm.
975 368 1055 452 vn.
1154 387 1222 478 251

244 540 331 621 inter
344 545 478 646 equites
493 545 630 640 versari,
647 547 792 648 suosque
812 548 1002 647 adpellare,
1014 543 1131 645 jubet.
1181 545 1230 621 lis

245 668 406 768 cognitis,
426 671 460 742 δι
483 668 637 745 Litavici
658 667 796 745 fraude
794 667 994 770 perspeda',
1018 664 1129 741 AEdui
1153 677 1230 742 ma'·

241 809 308 862 nus
332 791 491 882 tendere,
520 790 737 866 deditionem
766 789 971 889 significare,
1001 789 1036 860 δι
1040 785 1230 887 ‚projectis

199 887 202 907 ¹
241 909 382 1002 armis,
395 931 547 988 mortem
589 912 769 1011 deprecari
801 909 984 1010 incipiunt
1050 909 1259 986 Litavicus'

242 1057 325 1106 cum
355 1032 420 1109 suis
448 1032 649 1124 clientibus,
683 1041 712 1077 “
738 1031 882 1130 quibus,
911 1056 1009 1105 more
1031 1033 1231 1122 Gallorum,

207 1171 211 1179 ·
236 1160 273 1198 '“
288 1151 384 1228 nefas
399 1154 464 1246 e'st,
483 1154 590 1228 etiam
608 1153 644 1226 in
662 1171 820 1228 extrema
841 1151 978 1228 fortuna
997 1152 1151 1228 desererew
1170 1178 1231 1251 pa·

243 1280 272 1316 “
291 1261 450 1365 trondsss’
474 1261 693 1374 Gergoiiam
705 1272 875 1374 profugit.

176 1474 183 1486 ,
293 1391 395 1468 XLI.
431 1391 546 1468 Caesar
577 1395 712 1470 nunciis
741 1397 787 1470 ad
825 1385 1002 1470 civitatem
1034 1391 1235 1468 AEduorum

244 1512 362 1606 millis,
377 1513 438 1612 qui
451 1514 513 1589 suo
529 1516 701 1591 beneficio
714 1517 931 1592 conservatos
947 1516 1129 1604 docerent,
1146 1538 1235 1612 quos

235 1632 315 1737 jute
336 1635 418 1710 belli
437 1634 825 1737 interlicere-potuiffet,
843 1636 1025 1736 tribusque·
1037 1634 1132 1710 horis
1149 1661 1234 1712 noc-

240 1756 285 1830 tis
310 1756 478 1832 exercitui
506 1759 553 1832 ad
581 1758 736 1856 quietem
757 1759 861 1851 datis,
886 1758 997 1833 castra
1023 1753 1069 1832 ad
1094 1760 1232 1857 Getgo-

243 1876 342 1950 viam-
363 1876 489 1951 movit.
538 1877 666 1954 Medio
690 1869 762 1951 fere
779 1873 915 1967 itinere,
945 1876 1077 1976 equites
1097 1879 1143 1949 ab
1166 1880 1233 1951 Fa-

245 1994 306 2070 bio
323 1995 427 2087 miffi,
446 2015 579 2094 quanto
596 1997 696 2072 resin
714 1996 871 2094 periculo
887 1996 1003 2086 fuerit,
1023 2015 1232 2092 exponunt:
1273 2027 1275 2032 ·

243 2115 388 2193 summis
414 2115 532 2214 copiis*
563 2115 674 2192 castra
719 2120 925 2216 obpugnata
969 2115 1232 2192 demonstrant:

245 2257 359 2337 quum
375 2239 497 2314 crebro
514 2235 652 2336 integri·
670 2236 804 2312 defeffis
832 2236 1067 2328 succederent,
1086 2229 1234 2311 nostros·
1281 2227 1284 2232 ’

246 2383 318 2459 que
332 2359 476 2434 adfiduo
501 2360 619 2434 labore
642 2357 898 2458 defatigarent3
926 2358 1067 2460 quibus,
1094 2375 1236 2457 propter
1308 2399 1314 2412 ·

245 2479 527 2580 magnitudinem
543 2478 747 2570 castrorum,
766 2499 938 2578 perpetuo
955 2482 1038 2554 ell'et
1054 2479 1182 2553 eisdem
1198 2480 1236 2552 in
1298 2517 1303 2526 ·

241 2601 339 2675 vallo
361 2601 661 2700 permanendum
688 2597 913 2675 multitudine
945 2598 1160 2700 sagittarum,
1182 2618 1235 2672 at-

243 2727 314 2820 que
333 2722 448 2797 onmis
465 2721 600 2824 generis
616 2723 768 2797 telorum
787 2721 917 2796 multos
940 2722 1162 2796 vulneratos:
1189 2722 1236 2794 ad

245 2843 323 2916 haec
348 2842 546 2920 sustinenda
572 2865 704 2968 magno
729 2837 805 2917 usui
825 2840 925 2917 fuiffe
942 2836 1141 2918 tormenta:
1168 2839 1236 2917 Fa·

247 2959 346 3034 bium
363 2960 509 3036 disceffu
526 2983 649 3036 eorum
664 2961 803 3034 duabus
819 2961 945 3035 relidis
962 2964 1084 3059 portis,
1098 2963 1235 3036 obstru-

244 3103 302 3155 ere
317 3098 457 3172 ceteras,
477 3073 680 3177 pluteosque
698 3081 793 3154 vallo
809 3079 949 3172 addere,
968 3086 1002 3155 δι
1019 3081 1078 3155 se
1070 3109 1106 3155 m
1123 3065 1237 3194 poste-

156 3249 158 3254 ·
244 3223 325 3276 rum
348 3196 445 3274 diem
464 3199 614 3273 fimilem
639 3199 701 3272 ad
709 3197 824 3272 casum
849 3223 981 3297 parare
1032 3201 1104 3276 His
1132 3187 1237 3274 iebus

244 3318 413 3420 cognitis,
438 3319 566 3411 Caesar,
591 3318 729 3393 summo
753 3315 870 3394 studio
892 3319 1059 3413 militum,
1085 3341 1165 3396 ante
1182 3343 1236 3397 or·

236 3460 324 3518 tum
341 3439 420 3515 solis
435 3440 474 3514 in
492 3440 601 3515 castra
613 3438 783 3539 pervenit.
873 3479 876 3486 ι
1327 3509 1332 3520 ,

295 3563 416 3639 XLII.
457 3565 558 3638 Dum
591 3564 666 3638 haec
701 3562 747 3637 ad
768 3555 1007 3661 *Gergoviam
1053 3553 1235 3664 geruntur,

246 3681 375 3778 AEdui,
389 3682 511 3786 primis
528 3682 663 3758 nunciis
675 3684 721 3758 ab
731 3681 898 3758 Litavi'co
915 3683 1079 3785 acceptis,
1099 3688 1236 3774 nullum
