2932 4750
381 447 432 499 os
456 425 588 498 Beato
606 423 795 496 Gatarco
820 419 913 494 Lrs.
930 419 993 494 11.·
1152 441 1194 518 57

202 592 391 690 ·coeperint.
454 593 525 668 His
558 594 744 689 mandatis,
779 617 862 668 eum
900 591 945 666 ab
977 587 1012 664 se
1042 585 1201 664 dimittit.

210 713 402 812 Postquam
420 739 541 788 omnes
557 715 742 814 Belgarum
762 710 881 812 copias
898 711 935 786 in
950 736 1064 785 unum
1081 711 1202 786 locum

211 835 350 909 coadas
366 832 460 910 adse
476 834 594 910 venire
605 835 707 926 vidit,
735 857 849 932 neque
860 831 936 932 jam
954 833 1061 930 longe
1073 832 1199 922 abesse,

209 958 257 1029 ab
273 955 341 1045 his,
360 981 448 1054 quos
469 955 619 1047 miserat,
642 953 935 1054 exploratoribus,
963 954 1060 1028 &ab
1076 949 1203 1028 Remis

211 1075 402 1174 cognovit;
427 1079 561 1151 flumen
586 1081 769 1164 Axonam,
789 1075 886 1171 quod
908 1073 957 1146 est
978 1073 1014 1147 in
1038 1071 1202 1148 extremis

212 1198 411 1270 Remorum
443 1195 586 1284 finibus,
620 1192 814 1270 exercitum
841 1191 1058 1268 transducere
1088 1213 1202 1266 manu

211 1314 317 1404 ravit,
341 1334 448 1411 atque
477 1313 525 1387 ibi
554 1314 662 1396 castra
686 1311 808 1418 posuit,
857 1317 949 1412 Qrae
977 1338 1030 1386 res
1058 1314 1204 1386 &latus

215 1459 335 1507 unum¹
351 1433 538 1510 castrorum
560 1433 643 1532 ripis
670 1433 821 1510 fluminis
839 1433 1035 1522 muniebat,
1060 1437 1109 1522 aa,
1129 1429 1205 1529 post

214 1577 297 1626 eum
326 1580 405 1653 quae
437 1556 556 1644 essent,
582 1575 657 1629 tuta
688 1539 734 1629 ab
762 1553 919 1630 hostibus
953 1555 1137 1644 reddebat,
1168 1554 1204 1628 δι

212 1695 426 1748 commeatus
458 1677 505 1750 ab
529 1675 666 1766 Remis,
691 1675 897 1776 reliquisque
925 1674 1136 1772 civitatibus,
1166 1691 1205 1746 ut

216 1796 458 1894 fibepericulo
474 1797 519 1870 ad
536 1823 616 1870 eum
634 1797 761 1895 portari
778 1799 902 1894 pollet,
927 1797 1109 1872 efficiebat.
1162 1795 1204 1868 ln

197 1915 417 2016 ¹collumine
436 1943 524 2015 pons
544 1937 626 1990 erat.
675 1917 729 1991 lbi
754 1915 948 2014 praesrdium
968 1913 1088 2012 poni‘t;
1115 1919 1149 1987 δι
1167 1914 1204 1986 in

212 2037 318 2110 altera
344 2057 442 2135 parte
470 2037 624 2110 fluminis
641 2041 697 2135 Q
714 2034 893 2109 Titurium
917 2033 1085 2107 Sabinum
1111 2034 1205 2132 lega-

211 2177 289 2230 tum
314 2183 398 2231 cum
416 2182 473 2229 vr.
495 2156 695 2229 cohortibus
712 2153 887 2252 relinquit.
935 2153 1055 2228 Castra
1069 2153 1105 2228 in
1128 2153 1206 2227 alti-

171 2275 176 2296 *
216 2274 376 2348 tudinem
402 2275 534 2372 pedum
559 2301 637 2349 xrs.
660 2276 766 2366 vallo,
790 2272 943 2374 fossaque
963 2273 1207 2374 duodeviginti

215 2397 351 2497 pedum
372 2394 512 2470 munire
528 2394 644 2494 jubet.

264 2517 326 2590 Vl.
352 2517 413 2590 Ab
431 2516 485 2590 his
504 2493 617 2591 castris
633 2517 808 2616 oppidum
825 2522 1036 2609 Remorum,
1061 2518 1205 2592 nomine

213 2637 356 2729 Bibrax,
385 2639 504 2711 aberat
529 2638 625 2712 milia
652 2639 811 2736 paffuum
836 2659 932 2714 vru.
960 2640 996 2714 id
1021 2663 1065 2713 ex
1087 2637 1208 2712 itinere

217 2783 354 2857 magno
365 2757 487 2858 inpetu
499 2755 615 2858 Belgae
636 2761 845 2859 obpugnare
862 2777 1056 2860 coeperont.
1092 2757 1206 2860 AEgre

217 2903 259 2953 eo
283 2878 342 2954 die
365 2876 587 2954 sustentatum
615 2881 677 2954 est.
727 2882 909 2956 Gallorum
938 2882 1076 2972 eadem,
1101 2901 1206 2978 atque

216 2999 416 3098 Belgarum,
433 3000 655 3100 obpugnatio
672 3001 720 3076 est
747 3003 835 3076 haec.
885 3001 961 3076 Ubi
983 2999 1207 3098 circumjecta

199 3118 441 3226 multitudine
456 3120 642 3194 hominum
658 3121 740 3194 totis
756 3121 949 3212 moenibus,
972 3103 1131 3216 undique
1156 3121 1206 3192 la-

218 3241 317 3339 pides
334 3241 371 3315 in
387 3265 529 3314 murum
545 3239 616 3338 jaci
634 3241 741 3336 coepti
760 3241 851 3329 sunt,
880 3239 1069 3336 murusque
1085 3236 1206 3331 defen,

216 3355 349 3436 foribus
367 3362 516 3436 nudatus
533 3359 607 3446 est;
638 3358 809 3434 testudine
825 3359 929 3449 satta,
956 3379 1073 3458 portas
1090 3359 1206 3435 succe-

217 3481 321 3570 dunt,
363 3506 575 3580 murumque
609 3479 791 3555 subruunt.
856 3482 965 3581 Qrod
999 3499 1075 3588 tum
1107 3479 1208 3556 facile
1241 3474 1242 3487 ¹

217 3603 337 3678 fiebat.
392 3602 496 3676 ‘Nam
525 3627 636 3702 quum
664 3621 759 3677 tanta
773 3602 977 3691 ‚multitudo
1006 3593 1140 3702 lapides
1166 3629 1206 3677 ac

217 3724 287 3806 tela
311 3721 533 3824 conjicerent,
560 3722 596 3798 in
614 3749 717 3798 muro
737 3723 940 3801 consrstendi
970 3724 1118 3825 potestas
1136 3741 1208 3798 erat
