2866 4754
245 433 338 526 '²164
504 427 548 501 C.
583 422 995 521 Jum'cnsrnrs

220 663 225 676 Ι
263 605 362 694 cidit,
390 599 487 700 quod
505 598 571 676 fuit
596 603 743 693 neceffe,
769 585 819 676 ut'
834 583 994 678 nonnulli
1018 601 1161 694 milites,
1186 604 1251 702 qui

263 720 464 822 lignationis
481 721 752 821 munitionisque
777 726 891 799 cauffa
912 724 949 798 in
967 725 1063 798 srlvas
1088 721 1250 798 disceffis-

261 847 349 935 sent,
374 844 556 948 repentino
585 843 746 943 equitum
771 845 926 919 adventu
953 842 1251 942 interciperentur.

250 965 333 1041 =His
348 963 607 1055 circumventis,
627 947 756 1062 magna
769 990 875 1038 manu
887 966 1090 1053 Eburones,
1107 963 1250 1056 Nervii,

262 1066 456 1178 Aduatuci,
482 1105 589 1183 atque
604 1085 733 1158 horum
760 1084 923 1160 omnium
944 1082 1027 1157 socii
1056 1081 1251 1157 &clientes
1324 1183 1327 1190 ι

262 1206 441 1310 legionem
468 1208 689 1308 obpugnare,
720 1203 908 1303 incipiunt.'
951 1203 1073 1280 Nostri
1094 1203 1252 1279 celeriter

262 1327 308 1401 ad
326 1351 424 1400 arma
435 1345 653 1430 ‘concurrunt
660 1355 672 1413 ;
698 1325 833 1400 vallum
850 1323 1100 1400 conscendunt.
1109 1371 1115 1378 .,
1141 1322 1250 1430 AEgre

262 1447 292 1524 is
315 1430 392 1522 dies
418 1447 632 1554 sustentatur,
661 1428 759 1544 quod
786 1459 932 1521 omnem
960 1445 1056 1544 spem
1078 1444 1251 1520 hoste-in

263 1569 436 1643 celeritate
454 1569 647 1665 ponebant,
674 1586 779 1664 atque
794 1569 889 1642 'hanc
914 1565 1033 1664 adepti
1052 1564 1250 1658 vidioriam,

263 1688 302 1765 in
319 1707 526 1792 perpetuum
543 1687 576 1761 se
593 1684 668 1762 fore
685 1688 848 1779 victores,
876 1687 1111 1762 confidebant.
1178 1731 1181 1738 »

312 1791 396 1886 XL.
421 1807 617 1916 Mittuntur
633 1809 678 1886 ad
695 1803 868 1882 Caesarenr
885 1805 1070 1882 confestim
1086 1808 1132 1906 ab
1147 1806 1250 1882 Cice·
1293 1810 1295 1816 ’

263 1951 350 2006 rone
375 1929 511 2020 litterae,
537 1929 674 2030 magnis
692 1924 869 2028 propositis
894 1927 1105 2026 praemiis,sr
1133 1945 1250 2026 pertu-

264 2049 389 2125 liffent.
432 2049 758 2124 obseffisomnibus
775 2047 854 2141 viis,
876 2046 965 2123 miili
977 2037 1250 2145 intercipiuntur.

264 2165 387 2247 Nodlu
401 2195 446 2246 ex
463 2195 504 2245 ea
520 2170 674 2262 materia,
689 2155 798 2269 quam
810 2166 1015 2243 munitionis
1031 2167 1141 2244 caussa
1153 2193 1250 2243 com-

159 2341 160 2346 ,
265 2310 502 2389 portaverant,
531 2311 641 2364 turres
666 2292 862 2364 admodum
881 2315 960 2365 cxx
979 2288 1177 2364 excitantur
1199 2289 1252 2368 in·

199 2475 207 2490 ,
265 2409 425 2484 credibili
441 2409 641 2497 celeritate;
672 2436 750 2508 quae
779 2412 893 2484 deeffe
907 2409 1005 2509 operi
1028 2409 1252 2503 videbantur,

116 2523 118 2532 ’
265 2528 503 2632 perficiuntur.
545 2530 676 2607 Hostes
693 2531 828 2630 postero
844 2531 915 2623 die,
936 2531 1049 2606 multo
1066 2528 1255 2628 majoribus

265 2650 374 2749 copiis
392 2652 532 2743 coactis,
550 2650 657 2725 castra
672 2653 898 2753 obpugnant,
921 2651 1043 2726 foliam
1061 2652 1253 2750 complent.

265 2772 327 2845 Ab
345 2769 466 2843 nostris
492 2771 616 2846 eadem
643 2771 792 2864 ratione,
823 2799 898 2872 qua
910 2771 1034 2871 pridie,
1063 2771 1251 2846 refistitur':

265 2893 336 2966 hoc
352 2889 448 2964 idem
464 2891 629 2991 deinceps
646 2893 787 2992 reliquis
804 2896 845 2969 fit
861 2894 997 2971 diebus.
1047 2894 1160 2970 Nulla
1177 2917 1254 2993 pars

264 3010 427 3088 nocturni
453 3014 623 3112 temporis
642 3015 686 3090 ad
704 3016 863 3091 laborem
891 3015 1155 3093 intermittitur:
1182 3039 1253 3088 non

266 3133 381 3234 agris,
400 3147 471 3207 non
483 3135 672 3211 vulneratis
688 3133 833 3211 facultas
850 3136 977 3236 quietis
992 3139 1103 3213 datur.
1145 3139 1252 3234 Qtae·
1321 3133 1328 3144 ”

265 3279 422 3354 cumque
436 3251 481 3328 ad
498 3255 648 3356 proximi
660 3256 731 3332 diei
745 3258 1047 3359 obpugnationem
1060 3282 1148 3357 opus
1160 3255 1251 3348 sunt,

266 3376 374 3450 nodlu
400 3395 675 3475 comparantur:
702 3380 823 3454 multae
847 3378 1005 3478 praeusta
1020 3380 1133 3471 ludes,
1154 3402 1252 3476 mag-

152 3493 154 3501 ’
209 3549 212 3559 .
265 3519 332 3568 nus
347 3496 535 3571 muralium
552 3497 704 3596 pilorum
722 3524 887 3573 numerus
902 3498 1117 3587 instituitur3
1146 3518 1253 3575 turres

266 3613 559 3704 contabulantur3
586 3617 717 3716 pinnae,
740 3618 928 3719 loricaque
951 3644 998 3695 ex
1014 3620 1168 3698 cratibus
1191 3620 1252 3692 ad-

265 3747 468 3816 texuntur*
495 3734 572 3847 lpse
596 3736 737 3856 Cicero,
766 3764 879 3850 quum
908 3739 1104 3823 tenuissima
1125 3738 1251 3817 valitu-
