2814 4754
373 461 423 516 ur
440 439 571 514 Buteo
584 437 776 512 Gnnnrco
801 434 895 510 Lrn.
911 433 974 507 VI.
1101 453 1171 530 203

181 618 213 660 “
231 611 314 696 surrt'
346 617 486 692 arbores
512 643 578 716 pro
607 613 801 692 cubilibus:
840 613 885 690 ad
913 637 969 688 eas
993 611 1028 687 se
1060 609 1174 709 adpli-

182 739 214 781 “
229 751 330 827 eant,
348 757 454 836 etque
469 735 515 810 ite
529 738 687 835 paullum
703 737 814 812 modo
830 734 1004 810 reclinatur
1020 731 1175 832 quietem

179 861 217 936 ἕ(
229 858 401 956 capiunt:
429 884 575 957 quarum
592 883 638 934 ex
650 853 805 956 vestigiis
820 882 935 955 quum
952 855 1001 930 est
1015 853 1174 930 animad-

177 982 209 1022 “
229 977 373 1054 versum
394 1006 420 1054 ,a
445 978 682 1068 venatoribus,
700 1001 773 1076 quo
795 974 829 1050 le
853 976 1006 1074 recipere
1020 973 1175 1050 eonsue-

179 1102 212 1168 ,“
231 1097 323 1190 rint,
341 1125 464 1174 omnes
482 1123 525 1173 eo
540 1100 634 1188 loco,
652 1117 712 1172 aut
735 1097 780 1170 ab
796 1095 967 1171 radicibus
992 1093 1175 1186 subruunt,

179 1219 212 1266 “
233 1239 299 1292 aut
315 1219 480 1296 accidunt
503 1219 644 1294 arbores
667 1237 819 1308 tanturn,
835 1235 874 1290 ut
891 1215 1027 1291 summa
1049 1215 1177 1314 species

128 1397 136 1408 .
182 1343 214 1381 “
238 1361 361 1412 earum
389 1338 558 1414 stantium
589 1338 813 1438 relinquatur.
879 1338 967 1413 Huc
996 1362 1108 1435 quum
1132 1333 1178 1409 'se

184 1456 492 1536 “consuetudine
533 1458 790 1550 reclinaverint,
839 1458 997 1534 infirmas
1042 1457 1179 1532 arbores

185 1583 219 1642 ἕ(
241 1582 394 1678 pondere
418 1579 607 1679 adfligunt,
625 1599 730 1680 atque
746 1605 816 1654 una
839 1576 921 1679 ipsae
938 1577 1140 1654 concidunt.

208 1767 211 1772 .
238 1701 410 1777 XXVIII.
438 1709 467 1746 “
493 1701 722 1778 Tertium'est
749 1727 859 1800 genus
875 1726 1013 1792 eorum,
1031 1699 1094 1800 qui
1110 1697 1197 1774 Uri'

185 1827 218 1869 “
240 1821 468 1918 adpellantur.
507 1822 572 1900 Hi
595 1821 672 1898 sunt
688 1821 932 1920 magnitudine
956 1823 1074 1920 paullo
1090 1819 1179 1896 infra

188 1948 220 1996 ‘-‘
241 1941 461 2038 elephantos3
489 1940 613 2038 specie,
645 1946 678 2014 ἃ
708 1942 839 2030 colore,
870 1943 919 2013 δι’
934 1942 1049 2038 figura
1076 1939 1178 2014 tauri.

188 2070 219 2130 t‘
239 2063 375 2161 Magna
400 2063 457 2138 vis
482 2087 617 2154 eorum,
641 2065 675 2136 &
698 2087 827 2160 magna
854 2059 1038 2135 velocitas:
1065 2083 1180 2158 neque

190 2190 222 2226 “
240 2181 391 2272 homini,
421 2193 536 2279 neque
560 2180 660 2272 fe'rae,
686 2207 795 2278 quam
825 2178 1083 2278 conspexerint,¹
1099 2185 1178 2278 p'ar-
1293 2169 1297 2184 ⁵

190 2309 224 2347 “
240 2317 338 2378 eunt.
388 2301 641 2380 Hosxstudiose
674 2299 781 2376 foveis
808 2321 926 2400 captos
955 2300 1179 2377 interficiunt.

194 2425 330 2498 “Hoc
361 2419 395 2496 se
426 2419 555 2498 lebore
577 2423 706 2499 durant
736 2422 899 2503 homines
931 2419 1176 2514 adolescentes,

190 2551 222 2594 “
238 2563 343 2643 atque
363 2545 431 2618 hoc
458 2559 583 2642 genere
608 2543 803 2620 venationis
822 2564 1009 2631 exercent3
1037 2547 1086 2634 δι’,
1116 2543 1179 2641 qui

190 2672 220 2711 “
237 2653 404 2765 plurimo's
432 2690 477 2740 ex
497 2664 551 2742 his
576 2663 838 2756 interfecerunt,
864 2663 979 2740 relatis
1001 2664 1037 2740 in
1063 2664 1179 2762 publi·

191 2792 219 2831 “
235 2813 318 2863 curn
347 2787 525 2878 cornibus,
554 2815 634 2888 quae
666 2792 731 2870 suu
759 2788 971 2879 testimonio,
1005 2809 1175 2886 magnam

195 2909 358 2980 “terunt
387 2908 549 2982 laudern:
576 2908 636 2988 sed
652 2907 846 2984 adsuescere
874 2911 920 2984 ad
941 2909 1114 2999 homines,
1144 2910 1179 2980 ti

192 3033 222 3076 ‘·‘
239 3024 470 3117 mansuefieri,
509 3051 554 3100 ne
589 3027 742 3124 parvuli·
756 3028 902 3125 quidem
928 3029 1065 3125 excepti
1101 3027 1178 3123 pos·

193 3153 223 3200 “
241 3142 331 3220 sunt.
381 3145 594 3242 Amplitudo
620 3171 806 3237 cornuum,
830 3149 868 3220 &
895 3149 1021 3246 figura,
1037 3153 1079 3221 ’δι
1103 3145 1179 3244 spe-

193 3274 223 3314 “
241 3265 313 3340 cies
338 3265 493 3340 multum
513 3289 535 3338 e
560 3266 763 3350 ,nostrorum
788 3249 898 3342 boum
923 3267 1093 3342 cornibus.
1110 3267 1178 3340 dif-

192 3395 221 3433 ¹‘
239 3385 316 3461 fert.
378 3387 473 3462 Haec
491 3385 658 3470 'studiose-
686 3385 877 3486 conquisita
913 3389 959 3462 ab
984 3385 1088 3461 labris
1126 3413 1179 3462 ar-

195 3513 224 3551 “‘
241 3524 348 3606 gento
364 3506 659 3598 circumcludunt,
684 3528 791 3610 atque
807 3507 844 3589 in
861 3507 1075 3610 amplilfimis
1092 3534 1177 3612 epu-

196 3633 224 3684 l‘
243 3625 285 3714 lis
299 3651 365 3728 pro
380 3629 517 3730 poculis
533 3631 717 3712 utuntur.’'
