2866 4754
254 359 321 432 106
514 360 720 455 C.Jut11
747 359 958 435 Creontis

244 516 277 576 '“
294 532 463 612 mittitur:
490 533 549 608 iod
566 534 706 634 privati,
735 561 776 610 ae
793 533 935 632 separati
952 530 1029 632 agri
1054 533 1151 638 apud
1168 559 1226 614 eos

249 660 277 696 “
295 653 379 728 nihil
396 653 468 728 est:
495 680 610 755 neque
627 655 766 756 longius
789 679 881 728 anno
904 665 1079 729 remanere
1099 681 1171 729 uno
1187 655 1225 728 in

248 781 274 816 “
293 775 387 866 loco,
406 774 596 856 'incolendi
624 778 749 865 cantra,
785 775 891 852 licet:
930 800 1046 878 neque
1073 777 1224 854 multum

247 901 277 937 “
294 894 481 985 frumento,
506 895 563 971 sed
581 896 773 970 maximam
790 878 1024 993 partem'laete
1040 914 1145 994 atque
1162 921 1223 994 pe·

246 1020 372 1099 “core
388 1015 527 1107 vivunt,
554 1018 777 1114 multumque
792 1014 869 1094 sunt
894 1016 931 1088 in
954 1015 1220 1090 venationibus:
1252 1076 1257 1084 .

245 1143 273 1178 “
291 1163 369 1236 quae
387 1162 441 1212 res
468 1140 502 1209 δι
520 1136 590 1212 cibi
608 1162 749 1238 genere,
779 1141 813 1210 δι
832 1135 1034 1236 quotidiana
1057 1120 1222 1211 exercita·¹

243 1261 272 1299 “
289 1257 397 1347 tione,
425 1260 461 1331 ὅτ
488 1256 646 1331 libertate
669 1257 751 1331 vitae
787 1256 953 1356 (quoda
981 1256 1096 1354 pueris
1125 1258 1224 1331 nullo

244 1369 272 1420 “
289 1377 406 1452 officio
434 1398 494 1451 aut
524 1377 704 1475 disciplina
743 1375 926 1451 adsuefacti
958 1376 1048 1450 nihil
1076 1365 1222 1454 omnino

242 1505 410 1572 “contra
426 1499 643 1572 voluntatem
668 1495 814 1590 faciant)
842 1495 984 1571 &vires
999 1495 1075 1587 alit,
1105 1501 1138 1570 δι
1166 1498 1221 1570 in-

243 1617 382 1692 “mani
420 1643 605 1714 corporum
636 1615 878 1714 magnitudine
906 1615 1066 1689 homines
1099 1617 1220 1692 efficit.

241 1741 409 1834 “Atque
436 1736 473 1809 in
500 1761 577 1810 eam
604 1735 637 1810 se
674 1735 956 1810 consuetudinem
982 1736 1219 1828 adduxerunt,

243 1861 271 1900 “
288 1875 329 1930 ut
346 1855 430 1932 locis
445 1855 666 1955 frigidiffimis
691 1870 804 1956 neque
829 1855 980 1949 vestitus,
1008 1877 1131 1955 praeter
1146 1859 1220 1958 pel-

242 1982 270 2022 “
289 1975 345 2067 lia,
381 1978 531 2056 habeant
559 1977 767 2076 quidquam,
797 2001 947 2075 quarum
976 1997 1118 2082 propter
1145 1979 1220 2062 exi÷
1272 2048 1278 2082 Ι,

240 2103 271 2140 “
288 2096 460 2196 guitatem
485 2122 616 2197 magna
642 2097 691 2176 est
721 2097 879 2196 corporis
908 2123 987 2196 pars
1018 2117 1146 2196 aperta,
1184 2103 1220 2178 δι

241 2219 447 2298 “laventur
466 2217 734 2300 influminibua
974 2204 980 2213 ⁸
1053 2313 1060 2324 ι

287 2339 333 2412 11.
359 2340 659 2418 “Mercatoribus
681 2340 730 2422 cst
753 2339 798 2414 ad
813 2363 873 2414 eos
899 2339 1013 2416 aditus
1029 2339 1142 2445 magis
1161 2365 1219 2438 eo,

239 2462 267 2540 ‘,‘
285 2478 325 2536 ut
351 2483 430 2556 quie
458 2459 553 2538 bello
576 2457 743 2556 ceperint,
764 2456 893 2555 quibus
915 2459 1082 2554 vendant,
1111 2461 1220 2542 habe.

240 2586 268 2624 “
287 2597 374 2666 ιιι-ις
398 2604 506 2677 qutun
530 2603 604 2676 quo
629 2578 737 2654 ullam
759 2601 834 2654 tem
850 2577 896 2654 ad
912 2575 946 2652 se
962 2577 1129 2674 inportari
1156 2579 1219 2658 de·

239 2705 267 2741 “
285 2699 441 2776 siderent.
482 2695 580 2794 Qin
597 2696 704 2774 etiam
713 2695 897 2799 jumentis,
915 2696 1045 2794 quibus
1061 2696 1229 2778 maxime-

239 2825 267 2864 ‘*‘
285 2817 402 2898 Gallia
417 2819 617 2910 utaentur,
644 2842 794 2918 quaeque
824 2815 966 2916 inpenso
993 2815 1116 2916 parant
1139 2843 1219 2918 pre.

237 2947 266 2987 “
282 2939 346 3029 rio,
374 2937 542 3018 Germani
566 2937 752 3036 inportatis
775 2937 830 3018 his
854 2963 927 3018 non
952 2924 1119 3032 utuntnr3
1145 2938 1219 3032 sed,

239 3067 267 3106 “
285 3085 366 3158 qua
391 3057 469 3139 sunt
485 3061 580 3157 apud
604 3085 663 3138 cos
680 3079 762 3146 nata
783 3085 890 3160 prava
911 3079 1017 3158 atque
1032 3058 1218 3152 deformia,

239 3187 266 3226 ‘⁴
282 3183 357 3276 hec
386 3179 591 3282 quotidiana
622 3180 884 3274 exercitatione,
919 3178 1047 3270 summi
1079 3202 1120 3262 ut
1154 3159 1219 3262 lint

239 3309 267 3346 “
285 3299 426 3392 laboris,
452 3299 617 3380 efficiunt.
667 3300 896 3404 Equestribus
913 3300 1043 3400 proeliis
1067 3298 1219 3401 sape'ex

237 3429 266 3466 ‘⁸
284 3422 383 3520 equis
400 3421 574 3514 defiliunt,
597 3447 640 3500 ac
664 3420 813 3519 pedibus
835 3419 1066 3519 preliantem
1093 3419 1215 3520 equos·

235 3547 264 3586 “
282 3565 350 3640 que
367 3543 493 3620 eodem
510 3565 686 3622 remouere
706 3539 858 3653 ¹uestigio
884 3538 1145 3636 adsuefaciunt,
1170 3540 1216 3614 ad

237 3671 263 3708 “
282 3659 419 3760 quotie
432 3662 602 3756 celeriter,
626 3659 827 3766 quumusua
841 3662 906 3754 est,
923 3660 1104 3760 recipiunt.
1139 3661 1214 3742 Ne·
1251 3757 1274 3770 Γ
