2814 4754
353 411 404 462 nn
421 387 553 462 Burro
570 361 758 460 Gdtarc'o
782 347 876 456 Lrass
893 378 974 456 Vll.
1087 403 1157 480 ²3!

172 503 282 660 'ardue
292 559 390 646 orni
407 582 505 662 parte
525 561 691 640 submotis
708 560 878 682 hostibus,
903 557 983 636 finit
1007 557 1056 636 cst
1072 582 1165 660 pug-

172 679 421 759 nundinetur.
738 751 742 758 .
1086 749 1089 758 ,

222 807 363 882 XXVI.
388 803 520 880 Omnia
546 804 681 906 experti
708 804 817 894 Galli,
848 801 948 902 quod
984 827 1038 877 res
1067 801 1165 877 nulla

169 925 386 1018 successerat,
409 927 547 1025 postero
573 925 631 1002 die
647 927 833 1002 confilium-
846 941 1014 1022 ceperunt
1030 949 1075 998 cx
1096 945 1164 1022 op·

120 1109 124 1124 .
174 1045 269 1144 pido,
290 1045 490 1147 profugere,
519 1049 682 1120 hortante
709 1049 743 1120 aa
767 1041 915 1143 jubente
931 1043 1165 1144 Vercingeto-

171 1168 263 1270 rige.
312 1168 357 1243 td
387 1168 521 1244 fitentio
540 1165 655 1240 nubtis
679 1165 810 1256 conati,
836 1189 909 1238 non
936 1189 1067 1262 magna
1091 1159 1168 1262 jau

174 1309 257 1376 tura
279 1287 425 1364 suorum
454 1283 521 1388 [ese
546 1287 731 1362 erraturos
748 1283 956 1386 sperabant:
988 1301 1170 1382 propterea

178 1409 278 1509 quod
308 1432 422 1506 neque
447 1408 554 1508 longe
582 1409 629 1485 ab
652 1408 785 1507 oppido
813 1406 923 1482 castra
939 1402 1167 1504 Vercingctd·

21 1583 25 1600 ,
174 1528 258 1630 rigis
274 1531 437 1616 aberant,
453 1532 487 1602 δε
501 1530 615 1626 palus,
633 1527 801 1628 perpetua
817 1553 897 1627 quae
914 1526 1166 1616 intercedebat,

175 1650 424 1726 Romanosad
441 1647 694 1748 insequendum
716 1651 887 1726 tardabat.
928 1651 1084 1751 Jamque
1098 1650 1167 1724 hoc

176 1771 289 1846 facere
311 1771 422 1855 nodu,
436 1772 666 1868 adparabant,
692 1797 805 1869 quum
820 1768 1089 1870 matresfamiliae
1113 1795 1168 1848 re·

178 1910 287 1990 pente
309 1889 347 1963 in
372 1889 559 1994 publicum
588 1910 849 1988 procurrerunt,
873 1888 1065 1988 tentatque
1085 1915 1168 1988 pro-

172 2010 279 2113 jetta
292 2011 339 2086 ad
366 2010 474 2108 pedes
500 2007 658 2101 suorum,
683 2009 848 2086 omnibus
872 2009 1034 2110 precibus
1060 2009 1170 2108 petie-

177 2152 275 2224 runt,
300 2157 347 2206 nc
362 2129 411 2222 sc,
430 2134 465 2204 tr
482 2153 690 2206 communes
706 2130 834 2206 liberos
852 2128 1012 2208 ‘hostibus
1027 2131 1073 2206 ad
1090 2129 1170 2208 sub·

182 2251 333 2354 plicium
347 2250 529 2342 dederent,
557 2276 645 2348 quor
668 2252 716 2328 ad
733 2249 939 2350 capiendam
961 2248 1084 2350 fugam
1110 2275 1171 2328 na·

174 2395 268 2450 ,turc
287 2375 323 2446 dc
342 2369 481 2448 virium.
500 2369 684 2446 infirmitas
702 2370 894 2472 inpediret.
944 2371 1024 2447 Ubi
1048 2395 1107 2467 etp
1131 2371 1171 2448 in

178 2485 358 2570 sententia·
377 2491 527 2590 perstare
555 2491 734 2586 viderunt,
769 2495 868 2593 quod
898 2495 1108 2592 plenunque
1131 2493 1169 2569 in

175 2615 318 2692 summo
343 2611 502 2713 periculo
517 2613 624 2690 timor
644 2613 914 2716 misericordiam
937 2639 1011 2690 nnn
1032 2613 1169 2715 recipit,

178 2735 413 2848 conclamare,
432 2739 469 2812 dr
486 2735 683 2836 fignificare
697 2736 744 2812 dc
761 2733 848 2838 fuga
863 2735 1038 2842 Romanis
1049 2761 1170 2836 coepn·

177 2875 273 2933 runt.
322 2860 408 2954 Quo
422 2854 548 2932 timore
566 2855 737 2954 perterriti
753 2857 862 2950 Galli,
884 2881 929 2942 ne
942 2860 990 2934 ab
1012 2859 1172 2959 equitatu

180 2981 431 3054 Romanarum
448 2973 514 3049 viae
531 2997 879 3096 praenccuparentur,
896 2980 1039 3058 confilio
1065 2975 1170 3053 desti-

180 3114 313 3174 tamna
353 3157 357 3166 .

210 3216 385 3312 nvn.
403 3201 555 3290 Postero
577 3215 634 3290 die
650 3213 778 3307 Caesar,
803 3236 967 3316 promota
989 3215 1089 3306 turri,
1117 3216 1170 3292 di-

179 3335 352 3436 rectisque
368 3335 548 3435 operibus,
576 3361 657 3435 quae
681 3335 793 3416 facere
810 3335 1014 3430 instituerat,
1037 3361 1169 3438 magno

179 3478 303 3536 coorto
330 3457 450 3549 imbri,
484 3483 556 3532 non
582 3457 746 3534 inutilem
771 3461 863 3536 hanc
886 3458 932 3534 ad
961 3458 1172 3558 capiendum

181 3580 363 3663 confilium
383 3579 628 3679 tempestatem
640 3579 841 3673 arbitratus,
866 3581 963 3684 quod
980 3582 1100 3680 paullo
1113 3580 1169 3659 in-

185 3701 318 3778 cautius
346 3691 519 3810 custodita
535 3700 697 3802 inmuro
713 3700 892 3802 dispofitas
910 3702 1068 3798 videbat,
1095 3702 1171 3780 suos
1253 3755 1255 3758 -
