2866 4754
18 426 24 556 p
374 378 426 456 na
443 348 574 506 llntio
592 381 782 456 Gannico
807 379 899 454 Lm.
915 377 981 452 ΙΙΙ.
1123 400 1167 476 95

17 567 22 642 l
188 561 219 602 “
235 547 352 631 auxilii
369 553 503 631 serendi
520 557 647 652 caussa,
674 551 945 654 proficiscatur?
982 551 1092 652 Quod
1109 552 1172 627 nbi

184 677 346 753 auditum
364 657 435 768 est,
460 677 681 753 conclamant
705 695 841 766 omnes,
862 677 1079 750 occasionem
1109 697 1172 747 ne·

183 799 270 898 gorii
286 801 377 874 bene
394 799 534 898 'gerendi
547 797 777 873 amittendam
795 815 866 870 non
884 798 974 870 effe:
1000 795 1045 870 ad
1062 795 1171 870 castra

182 919 226 994 iri
243 922 445 1019 oportere*
467 921 594 994 Multae
611 919 673 991 res'
686 917 731 990 ad
758 915 826 991 hoc
850 915 1031 992 confilium
1048 917 1171 991 Gallos
1200 927 1202 934 '

174 1036 431 1116 hortabantur.
452 1038 674 1137 superiorum
691 1037 829 1111 dierum
841 1034 957 1111 Sabini
972 1029 1170 1124 cunslatioe

185 1161 345 1261 persugae
371 1158 617 1244 confirmati03
645 1156 764 1254 inopia
791 1156 1076 1247 cibariorum,
1040 1158 1098 1232 cui
1125 1158 1172 1233 rei

184 1307 318 1380 parum
339 1260 526 1379 diligenter
541 1277 625 1353 ab
602 1304 643 1352 ns
660 1297 730 1352 erat
746 1255 946 1377 provisum3
968 1269 1054 1376 spes
1058 1279 1172 1352 Vene-

164 1401 251 1482 ,tici
268 1396 375 1487 belli;
402 1405 438 1475 a
450 1399 546 1498 quod
568 1398 637 1474 sere
655 1395 812 1491 libenter,
831 1397 994 1474 homines
1009 1399 1059 1490 id,
1078 1401 1175 1497 quod

188 1523 329 1612 volunt,
359 1522 517 1629 credunt.
567 1521 638 1614 His
665 1523 767 1596 rebus
797 1521 940 1596 adducti
974 1543 1046 1595 non
1080 1521 1175 1619 ptius

187 1641 445 1733 Viridovicem,
469 1642 687 1742 reliquosque
702 1644 809 1719 duces
827 1670 871 1718 ex
888 1641 1040 1719 concilio
1055 1642 1174 1716 dimit-

188 1782 283 1854 tunt,
301 1789 410 1863 quam
424 1766 470 1838 ab
486 1763 541 1840 his
558 1769 596 1838 fit
609 1765 822 1856 contessum,
840 1789 936 1838 arma
950 1764 1003 1839 uti
1019 1764 1176 1863 capiant,

191 1885 226 1958 n
251 1886 295 1958 ad
318 1885 425 1961 castra
450 1871 675 1958 contendant.
726 1889 810 1982 Qna
832 1909 869 1957 re
892 1887 1063 1975 concessa,
1093 1886 1175 1974 lati,

190 2024 229 2080 ut
244 2006 426 2104 explorata
447 2002 610 2094 victoria,
639 2003 833 2092 sarmentis,
854 2000 1084 2101 virgultisque
1103 2005 1176 2077 col

190 2125 301 2217 settis,
330 2125 459 2222 quibus
484 2124 586 2198 sollae
613 2127 863 2200 Romanorum
873 2121 1103 2252 compleant,
1132 2125 1179 2199 ad
1256 2209 1257 2214 ,

191 2245 302 2320 castra
318 2247 481 2343 pergunt.

239 2365 343 2440 XIX.
355 2367 490 2438 locus
502 2387 584 2440 erat
589 2365 780 2440 castrorum
799 2365 926 2458 editus,
947 2299 1177 2465 &paullatim

191 2485 268 2560 ab
257 2499 334 2560 imo
361 2485 508 2563 adclivis
537 2487 672 2562 circiter
697 2489 811 2587 pallus
838 2513 880 2564 n.
931 2489 1019 2563 Huc
1045 2509 1177 2586 magno

192 2605 289 2680 cursu
306 2608 587 2696 contendendum
614 2630 780 2708 utquam
803 2609 992 2685 minimum
1014 2608 1114 2708 spatii
1132 2613 1178 2686 ad

189 2725 227 2802 se
257 2727 504 2827 conligendos
526 2730 790 2830 armandosque
812 2730 988 2807 Romanis
1021 2730 1177 2823 daretur,

194 2847 453 2948 exanimatique
465 2873 708 2947 pervenerunt.
750 2853 897 2928 Sabinus
913 2851 993 2928 suun
1006 2853 1177 2942 hortatus,

194 2967 413 3067 cupientibus·
430 2974 569 3070 fignum
581 2973 653 3046 dat.
693 2973 862 3071 inpeditis
878 2967 1051 3061 hostibus,
1070 2991 1178 3069 prop·

194 3111 316 3182 terea,
347 3097 425 3190 qnae
447 3087 617 3182 ferebant,
645 3117 763 3184 onera,
783 3090 897 3167 subito
917 3093 1056 3166 duabus
1074 3089 1182 3194 portin

194 3208 508 3308 eruptionem'fieri
523 3209 637 3310 jubet.
686 3213 834 3286 Festum
846 3213 900 3285 est
921 3211 1182 3311 obportunitate

195 3331 278 3424 loci,
302 3331 455 3406 hostium
482 3329 674 3423 inscientia,
701 3357 743 3408 ac
766 3330 1027 3430 defatigatione,
1056 3332 1183 3408 virtute

196 3453 361 3546 militum,
387 3452 604 3551 superiorum
631 3451 829 3554 pugnarum
854 3451 1114 3546 exercitatione,
1142 3475 1182 3529 ut

197 3600 241 3648 ne
257 3601 371 3651 unum
398 3574 541 3675 quidem
566 3575 767 3655 nostrorum·
789 3575 949 3674 inpetum
972 3575 1112 3668 ferrent,
1140 3602 1181 3652 ac
1234 3674 1239 3678 ᾖ

152 3789 155 3794 Ι
198 3695 312 3774 statim
342 3718 439 3798 terga
465 3683 647 3777 verterent.
696 3701 797 3801 Qros
831 3697 1006 3798 inpeditos
1039 3698 1205 3808 integris·
1292 3757 1295 3766 .
1410 3676 1414 3686 ¹
