2912 4750
399 373 940 443 euocanru1cus·‘
1137 377 1193 464 au

196 538 247 597 nio
273 536 337 617 pagi
364 536 508 616 Tigurini.
554 536 591 593 Et
618 520 693 595 urbs¹
711 537 762 595 elle
787 533 937 614 Spirenses,
970 533 1106 594 Nemetes
1127 555 1193 595 vero

197 614 255 692 ipsa
279 615 384 682 dicitur
410 613 581 672 Aventicum
610 613 679 671 Hel·
712 612 934 672 Wormatienses.
975 611 1034 693 Sig.
1059 614 1195 672 Gembla-

199 693 337 752 veriorum
350 692 380 750 in
393 693 447 749 alia
459 689 650 768 inscriptione.
712 692 796 750 cenfis
819 705 924 760 tamen,
948 691 998 768 qui
1022 705 1086 750 ante
1109 711 1195 750 annm

198 768 351 830 Tolosates.
380 768 479 846 Populi
495 765 679 826 Narbonaefi·
711 767 814 845 scripsit
854 768 968 828 circiter
1018 767 1195 848 quingentos,

197 846 290 904 nitimi
302 868 309 904 :
325 866 424 904 nomen
435 845 584 913 retinuere,
596 845 681 904 ‘Theu-
715 846 897 904 Wormatiam
909 844 1087 924 Vangionum
1099 847 1194 903 urbem

198 925 271 999 luisse.
699 937 806 990 -vocat,
829 919 998 1000 eandemque
1012 922 1192 1002 Vangionum

236 998 353 1058 Treviri
391 998 507 1067 Caesari,
563 998 680 1057 Tribori
713 999 857 1076 Speculam
880 998 1029 1076 aliquando
1055 1015 1193 1068 vocatam.

198 1073 355 1136 Ptolemaeo}
397 1077 512 1134 Triberi
548 1075 578 1132 in
613 1074 679 1136 Lib.
712 1095 746 1132 ex
769 1075 881 1152 antiqua
894 1076 999 1133 ibidem
1013 1075 1193 1156 inscriptione

197 1153 270 1213 Nor.
311 1151 432 1230 belgicae
478 1172 513 1230 po
535 1152 586 1218 uli,
630 1155 680 1228 qui
712 1153 1114 1286 eollipitJoanncsHeroldus.
1226 1160 1228 1165 ’
1310 1149 1318 1158 ’

197 1230 286 1289 hodie
305 1229 447 1302 Trierische
465 1249 501 1305 po
523 1243 571 1285 unt
589 1231 680 1307 appel·
752 1230 780 1286 U
802 1229 833 1290 ii.
851 1229 1009 1289 Germania·
1027 1231 1132 1306 populi,
1145 1231 1193 1308 qui

196 1307 263 1374 lari,
293 1305 466 1382 ametropuli
479 1305 562 1364 Trier.
713 1305 964 1384 &Agrippinenses
976 1305 1091 1374 Tacito,
1106 1307 1153 1364 ubi
1168 1313 1193 1364 δι
1274 1365 1276 1372 ,

238 1385 385 1441 Triboces.
421 1382 587 1441 ItaCaesari.
616 1383 679 1442 Pto-
710 1383 796 1440 hodie
817 1383 936 1441 Colonia
949 1383 1115 1462 Agrippina.
1156 1385 1194 1440 U-

192 1459 294 1521 'lemaro
315 1459 463 1518 Tribocci.
504 1461 665 1520 Germaniae
712 1459 769 1516 bich
789 1481 871 1539 pagus
898 1460 927 1518 in
954 1480 1021 1540 agro
1046 1461 1194 1537 Juliacenst

198 1538 311 1616 populi;
332 1538 383 1614 'qui
397 1536 481 1595 hodie
496 1536 611 1614 Elsaffirr
628 1539 679 1615 Py·
713 1538 786 1596 sorte
799 1538 897 1596 horum
921 1558 1022 1596 nomen
1042 1538 1139 1599 servat.

196 1615 285 1674 samio
295 1641 305 1683 ς
320 1613 526 1692 Strassburgbrr,
538 1617 572 1672 ab
582 1633 679 1675 eorum
750 1615 882 1674 Velauni.
912 1605 1013 1694 'Pagus
1036 1616 1194 1674 Velaunen-

198 1693 343 1772 metropoli
373 1693 507 1750 Rhenano
534 1693 678 1752 nominan-
711 1693 753 1750 srs.
794 1693 832 1750 Le
858 1695 927 1768 Pays
959 1697 990 1751 de
1015 1693 1095 1752 Velar'.
1137 1693 1193 1753 Eo·

198 1785 253 1829 tur.
291 1768 423 1826 Oswaldo
441 1777 533 1826 autem
549 1770 679 1829 Molitori
712 1789 773 1827 rum
795 1770 860 1827 urbs
888 1769 1058 1849 Episcopalis
1078 1771 1191 1832 Anicia.
1288 1763 1292 1776 ⁸

178 1849 263 1906 'Zun
288 1849 377 1922 dreyen
400 1845 507 1911 buchen,
528 1863 678 1904 uocantur.
711 1848 749 1902 Le
756 1855 804 1920 pai
814 1869 844 1902 en
865 1847 950 1904 Velai.
992 1849 1030 1904 Le
1043 1858 1095 1926 pai
1113 1853 1194 1926 nostre

199 1924 287 2012 Pagus
304 1923 341 1980 est
357 1922 468 1980 Alsatiae
485 1941 541 1978 non
561 1925 679 1981 male-ad
714 1924 807 1981 Dame.
849 1923 939 1999 Nostra
955 1925 1039 1980 Dante
1051 1928 1141 1998 deperi.

198 2001 335 2059 Triboccl
349 2019 446 2073 vocem
460 1999 592 2057 alludens.
751 1999 1006 2067 Vellaunodunum,
1053 2003 1192 2058 Senonum

237 2076 435 2144 Trinobantes,
459 2076 501 2133 vel
519 2077 679 2134 Trinouan·
713 2076 860 2152 oppidum,
880 2077 964 2135 hodie
987 2079 1192 2140 Auxerre‚Coe·

194 2165 251 2223 tes,
286 2153 400 2230 Angliae
423 2151 530 2230 populi.
583 2153 681 2212 Hodie
713 2153 778 2211 nali.
820 2156 873 2213 Sed
895 2154 1054 2232 Vigeneteo
1070 2157 1195 2234 Casteaa·

199 2233 272 2310 sunt,
288 2245 319 2288 ut
332 2231 469 2288 Lelandus
490 2235 516 2287 Sc
546 2229 680 2306 Lhuydus
711 2231 823 2302 landon;
844 2231 905 2290 aliis
925 2231 1075 2291 Villeneuve
1089 2255 1120 2290 en
1140 2235 1193 2292 Lo·

197 2309 345 2375 affirmant,
365 2306 504 2365 territorii.
521 2307 681 2365 Londinen-
714 2317 793 2367 raiae.
961 2345 964 2351 -

198 2388 241 2445 sis.
282 2384 374 2442 Etiam
388 2380 554 2460 Nevyllius3
575 2385 624 2460 qui
639 2399 680 2442 ta·
752 2385 915 2444 Velocasles.
936 2386 1011 2444 Vide
1024 2387 1191 2448 Bellocasses.

202 2483 265 2522 men
279 2463 363 2520 latius
376 2461 622 2529 extendit‚&illis
633 2465 679 2537 Es-
752 2463 866 2522 Veneti.
913 2464 990 2520 luter
1019 2466 1192 2536 armoricos,

198 2542 241 2600 sex
254 2546 280 2596 δι
292 2540 436 2616 Middlesex
451 2533 593 2600 adscribit.
713 2543 812 2598 Vannes
825 2539 909 2599 hodie
922 2541 951 2598 in
974 2539 1117 2599 Britannia
1141 2543 1193 2600 mi-

238 2616 379 2696 Tullingi.
430 2617 521 2676 Celtae
542 2615 681 2677 Helvetiis
712 2617 784 2678 nori.
1189 2645 1193 2657 ¹

201 2694 326 2753 finitimi.
367 2694 530 2773 Lathringer,
554 2709 584 2751 ut
607 2695 679 2753 Ger·
750 2693 879 2773 Veragri.
908 2695 1036 2774 Qorum
1050 2691 1115 2752 urbs
1130 2696 1190 2754 Oe.

198 2771 278 2906 ill.ni
294 2772 679 2906 ..lwbllllnllsiils‘s
711 2773 1192 2930 ²⁰⁶v⁰ssllu..lll‘⁰1›⁶{}l2¹l⁵;1..

252 2889 262 2914 2
433 2888 442 2915 s
939 2894 945 2908 ·

200 2923 367 2984 Rbellicano
390 2923 461 2985 sunt.
503 2924 637 3001 Stulingen
655 2933 681 2984 δι
712 2927 825 2988 tiorum.
866 2929 1022 3008 Ignoratur.

201 2999 362 3078 Nellenburg
371 3001 529 3058 Comitatus
538 3001 641 3061 Scudo.
761 3003 963 3062 Veromandui.
1004 3004 1110 3063 Eorum
1130 3002 1194 3059 urbs
1305 3003 1313 3008 ’

240 3080 379 3135 Turones.
420 3077 525 3135 Eorum
548 3077 613 3142 urbs
627 3077 680 3134 Ar·
714 3079 834 3157 Augusta
857 3079 1116 3137 veromanduorum
1142 3079 1191 3154 (S.

200 3155 340 3234 ehiepisco
360 3153 409 3213 alis
456 3153 679 3213 Caesarodunum.
713 3157 827 3232 Qenrin
842 3157 1002 3214 Vemandois
1004 3157 1021 3232 )
1032 3157 1193 3223 Ptolemaeo,

202 3233 293 3294 Tours.
359 3233 414 3309 pud
423 3231 600 3290 Ptolemaeum
611 3231 681 3292 male
713 3239 738 3290 δι
752 3234 781 3291 in
796 3230 1011 3310 Martyrologio.

199 3310 302 3391 legitur
311 3307 490 3442 Tapsmappto
502 3311 615 3388 Tspluu.
750 3310 896 3369 Vesontio.
929 3308 1096 3388 Metropolis
1110 3308 1192 3366 Max-

451 3426 461 3446 .
712 3388 769 3447 ima
792 3389 989 3466 Sequanorum.
1042 3386 1118 3446 Vide
1143 3388 1193 3446 Se·
1296 3417 1310 3480 ζ

283 3463 438 3542 Angiones.
458 3463 618 3524 Germaniae
632 3485 679 3542 po·
713 3465 806 3543 quani.

207 3470 281 3614 V
295 3542 352 3620 puli
372 3543 406 3599 ad
426 3541 566 3600 Rhenum.
606 3546 679 3600 Wor·
751 3541 871 3603 Vienna.
929 3543 1115 3620 Allobrogum
1156 3541 1191 3600 ad

201 3619 303 3696 mycber
334 3621 372 3676 Bi
389 3619 459 3688 bum,
483 3618 515 3679 B.
544 3619 680 3679 Rhenano
712 3619 878 3680 Rhodanum
893 3619 967 3690 urbs,
994 3619 1043 3679 sub
1058 3619 1190 3681 Medulis.

201 3697 432 3758 &Lichtenavio
460 3697 515 3756 Sed
529 3713 626 3756 contra
639 3697 680 3756 af·
712 3699 913 3759 Vienaehodie.
1186 3711 1188 3716 ’

193 3778 291 3842 sirmat
303 3775 512 3856 Pirchaymerua
523 3774 681 3858 Vangiones
710 3795 717 3804 ’
750 3775 858 3837 Unelli.
899 3777 1073 3857 Ignorantur.
