2932 4750
431 413 481 464 na
506 392 635 466 Becco
660 391 848 468 Gaurrco
872 392 964 467 Lis.
977 391 1023 466 11.
1143 473 1146 480 Δ
1172 417 1213 492 77

242 561 276 661 in
292 587 360 636 una
378 559 504 636 virtute
528 557 642 637 omnis
659 561 734 662 spes
757 558 871 636 salutis
888 557 1092 634 consisteret.
1141 557 1214 631 Oc·

241 681 313 754 cifis
330 683 376 755 ad
391 682 575 756 bominum
600 682 740 757 milibus
759 705 814 773 tv,
840 679 964 779 reliqui
987 678 1025 751 in
1041 675 1216 776 oppidum

239 787 363 900 rejedi·
379 802 468 878 sunt.
517 803 685 906 Postridie
710 801 782 902 ejus
806 800 890 893 diei,
916 797 1068 876 refractis
1090 797 1213 896 portis,

239 948 350 1019 quum
380 921 456 1022 jam
494 922 694 998 defenderet
725 947 846 1012 nemo,
883 941 985 1019 atque
1018 918 1216 993 intromissis

239 1040 407 1116 militibus
423 1043 559 1134 nostris,
586 1042 774 1116 sectionem
791 1039 864 1138 ejus
880 1039 1000 1138 oppidi
1022 1037 1215 1114 universam

237 1162 350 1236 Caesar
375 1162 548 1237 vendidit.
599 1163 661 1236 Ab
689 1161 755 1252 his,
784 1161 844 1259 qui
871 1179 1037 1250 emerant,
1063 1160 1214 1256 capitum

238 1307 407 1356 numerus
423 1283 468 1355 ad
482 1307 566 1382 eum
580 1282 705 1354 relatus
721 1281 769 1354 est
785 1279 923 1358 milium
942 1305 1033 1353 sm.

288 1402 460 1475 XXXlV.
486 1386 624 1478 Eodem
653 1421 808 1500 tempore
836 1425 857 1474 a
885 1401 926 1474 P.
953 1399 1082 1489 Crasso,
1109 1423 1215 1497 quem

239 1545 323 1594 curn
352 1521 492 1621 legione
519 1547 588 1596 una
615 1521 749 1596 miserat
776 1522 822 1596 ad
854 1523 1020 1611 Venetos,
1051 1519 1214 1610 Unellos,

236 1639 410 1733 Ofismios,
445 1640 680 1733 Coriosolitas,
708 1641 877 1733 Sesuvios,
905 1642 1089 1732 Aulercos,
1116 1639 1216 1714 Rhe·

237 1761 360 1852 dones,
384 1788 462 1861 quae
478 1762 554 1836 sunt
579 1762 758 1836 maritimae
775 1761 946 1852 civitates,
964 1764 1218 1859 Oceanumque

237 1881 437 1980 adtingunt,
462 1882 589 1956 certior
616 1879 726 1955 saslus
750 1883 814 1971 est,
839 1907 959 1955 omnes
982 1905 1038 1954 eas
1063 1881 1217 1956 civitates

180 2048 183 2052 -
236 1999 273 2073 in
303 2001 473 2076 ditionem
504 2001 779 2100 potestatemque
809 1998 933 2099 populi
964 1998 1119 2072 Romani
1151 1999 1217 2072 esse

236 2121 402 2195 redauas.

292 2241 450 2314 XXXV.
476 2238 548 2313 His
563 2241 665 2313 rebus
694 2237 797 2338 gestis
820 2237 918 2312 omni
940 2237 1054 2312 Gallia
1082 2259 1215 2337 pacata,

238 2378 334 2434 tanta
360 2358 462 2457 hujus
491 2358 572 2434 belli
597 2359 643 2432 ad
667 2361 829 2434 barbaros
856 2357 974 2456 opinio
1003 2359 1134 2457 perlata
1149 2359 1214 2454 est,

236 2479 286 2554 uti
304 2480 349 2553 ab
365 2477 419 2552 his
444 2478 654 2570 nationibus,
682 2504 761 2578 quae
789 2498 882 2553 trans
899 2481 1066 2554 Rhenum
1083 2479 1214 2556 incole·

237 2619 327 2691 rent,
353 2599 571 2674 mitterentur
594 2599 698 2699 legati
723 2599 769 2674 ad
786 2599 972 2692 Caesarem,
1000 2624 1079 2697 quae
1096 2600 1130 2676 se
1150 2605 1214 2677 ob-

238 2721 322 2794 fides
358 2720 510 2810 daturas,
551 2718 719 2818 imperata
760 2717 919 2810 sessuras,
957 2719 1214 2818 pollicerentur.

237 2843 331 2938 Quas
348 2839 537 2938 legationes
553 2837 676 2932 Caesar,
702 2841 799 2938 quod
815 2840 852 2917 in
869 2839 1004 2915 Italiam
1021 2843 1214 2940 Illyricum·

239 2983 308 3057 que
325 2961 544 3058 properabat,
569 2957 651 3035 inita
667 2960 828 3058 proxima
845 2960 959 3036 aestate
977 2963 1022 3035 ad
1035 2961 1068 3036 se
1091 2961 1215 3038 reverti

231 3076 335 3177 juffit.
373 3078 449 3178 Ipse
465 3078 502 3153 in
524 3081 704 3170 Carnutes,
723 3081 858 3173 Andes,
875 3081 1116 3180 Turonesque,
1136 3105 1216 3177 quae

237 3197 393 3274 civitates
418 3198 623 3297 propinquas
651 3199 708 3272 his
732 3199 818 3274 locis
847 3221 956 3292 erant,
994 3200 1057 3276 ubi
1080 3201 1216 3274 bellurn

237 3317 393 3418 gesserat,
417 3316 613 3417 legionibus
624 3316 661 3390 in
676 3316 823 3416 hiberna
838 3319 1009 3410 deduslis,
1032 3319 1067 3392 in
1078 3318 1216 3408 Italiam

236 3436 409 3535 profectus
426 3439 486 3512 est.
534 3439 595 3513 Ob
611 3435 734 3537 easque
753 3463 819 3531 res,
848 3463 893 3512 ex
919 3435 1040 3514 litteris
1062 3439 1214 3531 Caesaris,

236 3557 309 3632 dies
338 3583 389 3632 xv
423 3554 628 3655 subplicatio
657 3559 793 3635 decreta
818 3558 878 3636 est.
929 3562 1039 3660 Qtod
1067 3581 1147 3639 ante
1175 3562 1214 3657 id

237 3679 373 3779 ternpus
390 3676 517 3756 accidit
534 3676 630 3752 nulli.
