2866 4754
187 405 255 454 roo
448 377 490 449 C.
514 377 649 472 Jusrr
672 375 883 449 Cassan

230 535 349 652 XXV.
374 547 442 636 lbi,
467 561 585 645 ‘quum
606 547 663 620 alii
696 545 797 620 sosias
823 549 1036 645 complerent
1049 573 1061 632 ς
1087 550 1158 642 alii,

183 665 401 740 multls'telis
424 656 600 764 conjeslis,
624 666 816 742 defensores
839 668 932 741 vallo
955 659 1159 743 munitioni·
1195 765 1196 768 Ἴ

183 784 314 882 busque
333 787 558 884 depellerent,
575 786 836 885 auxiliaresque,
866 787 993 885 quibus
1008 790 1053 862 ad
1069 816 1158 888 pug-
1235 875 1238 882 ‚

181 932 264 980 nam
294 933 364 981 non
394 909 546 982 multum
574 909 713 981 Crassus
741 909 955 998 confidebat,
989 909 1161 1007 lapidibus
1195 977 1199 986 ,

183 1018 327 1125 telisque'
342 1025 653 1118 subministrandis,
679 1033 713 1102 tc
735 1029 778 1101 ad
795 1053 960 1127 aggerem
977 1028 1162 1128 cespitibus
1199 1083 1212 1106 ,v
1235 1111 1238 1115 ,

185 1149 460 1245 comportandis,
474 1139 635 1246 ⁴speciem
654 1141 758 1246 atque
774 1147 976 1246 opinionem
1000 1161 1160 1250 pugnan-

185 1267 281 1343 tium·
293 1257 510 1367 praeberent3
537 1295 648 1367 quum
664 1270 748 1342 item
764 1270 810 1342 ab
826 1268 980 1344 hostibus
1003 1270 1161 1345 constan·

182 1399 258 1480 ter,
277 1380 318 1463 ac
335 1415 406 1462 non
423 1387 559 1478 timide,
588 1406 813 1486 pugnaretur,
841 1390 992 1486 telaque,
1019 1371 1064 1464 eri
1082 1393 1162 1466 loco

182 1507 351 1607 superiore
378 1508 489 1598 missa,
513 1533 584 1580 non
612 1499 732 1580 frustra
759 1505 980 1594 acciderent3
1015 1511 1161 1607 equites,

184 1626 373 1702 circumitis
389 1619 539 1699 hostium
553 1625 684 1718 castris,
714 1626 834 1699 Crasso
858 1609 1161 1730 renunciaverunt,

182 1772 254 1820 non
271 1747 392 1820 eadem
408 1744 475 1818 elle
491 1745 674 1845 diligentia
687 1748 733 1821 ab
748 1747 954 1820 Decumana
976 1766 1075 1845 porta
1090 1749 1160 1823 cas·
1243 1835 1248 1840 ,

183 1886 237 1940 tra
252 1865 399 1956 munita,
429 1863 640 1967 facilemque
656 1867 789 1941 aditum
804 1869 944 1941 habere.
1085 1921 1088 1928 ,

233 1975 371 2062 XXVI.
395 1988 546 2078 Crassus,
571 1986 736 2086 ‘equitum
753 1985 932 2086 praesedlos
948 1989 1159 2080 cohortatus,

182 2127 223 2183 ut
240 2106 375 2207 magnis
398 2107 547 2206 praemiis
572 2107 943 2207 pollicitationibusque
966 2106 1043 2200 suos
1066 2089 1162 2214 euci-¹

182 2227 307 2318 tarent,
335 2229 420 2326 quid
437 2229 510 2302 lieri
526 2228 624 2320 velit,
648 2229 811 2304 ostendit.
859 2229 930 2321 Illi,
953 2248 993 2304 ut
1008 2250 1080 2304 erat
1095 2228 1161 2303 im'·

183 2364 357 2442 peratum,
385 2347 518 2420 edustis
535 2369 684 2445 quatuor
708 2349 923 2439 cohortibus,
948 2374 1043 2445 quae,
1074 2371 1162 2447 prae'·

182 2465 267 2540 sidio
278 2466 395 2540 castris
411 2467 551 2556 relidae‘,
566 2467 693 2542 'intritae
706 2469 752 2541 ab
770 2469 887 2541 labore
899 2485 1010 2557 erant,
1030 2471 1063 2544 ὅτ
1085 2470 1163 2543 lon·

182 2587 277 2686 giore
302 2575 421 2660 itinere
438 2586 696 2676 circumduslis,
722 2611 767 2659 ne
792 2611 837 2660 ex
865 2585 1016 2659 hostium
1045 2587 1163 2664 castris

182 2697 336 2804 conspici
363 2709 511 2805 possent,
541 2704 699 2779 omnium
723 2704 833 2778 oculis
849 2703 1094 2802 mentibusque
1116 2687 1162 2804 ad
1217 2777 1219 2785 ,

183 2824 340 2925 pugnam
356 2825 511 2915 intentiS,
539 2823 693 2899 celeriter
710 2825 755 2897 ad
778 2849 849 2915 eas,
880 2849 966 2924 quas
991 2824 1162 2919 diximus,
1235 2923 1238 2930 Δ

183 2945 399 3021 munitiones
413 2965 654 3043 pervenerunt,
683 2963 800 3042 atque,
816 2944 871 3019 his
888 2945 1049 3044 prorutis,
1067 2947 1164 3044 prius

182 3067 218 3140 in
229 3053 379 3140 hostium
392 3065 511 3140 castris
522 3064 760 3156 constiterunt,
772 3092 877 3164 quam
890 3069 992 3163 plane
1002 3067 1047 3140 ab
1060 3065 1100 3140 iis
1109 3067 1162 3142 vi·
1210 3135 1213 3138 .

181 3189 358 3280 deri,·aut‚
371 3179 516 3286 quid'rei
533 3205 717 3285 gereretur,
735 3186 901 3286 cognosci
917 3189 1044 3286 possets
1064 3189 1163 3262 Turn

182 3321 279 3398 vo's0,
304 3310 458 3383 clamore
484 3308 529 3381 ab
555 3331 595 3380 ea
620 3328 718 3404 parte
740 3307 873 3397 audito,
898 3307 1017 3399 nostri,
1048 3307 1161 3381 redin-

181 3425 322 3524 teglatis'
344 3426 488 3517 viribus,
519 3427 615 3524 quod
641 3415 848 3526 plerumque
867 3427 907 3512 in
932 3425 1161 3532 spe-vinosa

181 3545 337 3619 accidere
372 3545 563 3636 consuevit,
580 3623 584 3630 ,
601 3546 711 3626 acrius
743 3547 937 3649 inpugnare
957 3565 1161 3644 coeperunt.

181 3664 311 3750 Hostes
338 3665 495 3764 undique
515 3653 759 3758 circumventi,
788 3667 969 3766 desperatis
997 3665 1160 3742 omnibus
