2814 4754
223 387 295 444 222
493 361 536 442 C.
556 364 701 463 -Jurrr
727 361 938 470 Csnsarrs

222 539 292 618 rios
308 538 398 632 suos,
415 563 436 614 a
453 537 582 639 quibus
596 540 716 639 paullo
728 558 809 616 ante
824 557 897 615 erat
907 534 1051 637 ejedtus,
1067 529 1223 637 expellit

221 683 268 736 ex
278 659 429 736 civitate.
454 665 539 738 Rex
550 663 596 740 ab
606 658 674 738 suis
683 661 895 763 adpellatur:
915 658 1223 760 dimittit'quoquo

220 779 334 858 versus
350 782 564 884 legationes:
592 782 795 876 obtestatur,
812 800 851 858 ut
872 781 908 856 in
932 781 1005 856 fide
1017 801 1213 858 maneant:

219 902 377 978 celeriter
389 904 450 980 srbi
466 907 633 1006 Senones,
647 901 804 995 Parisios,
819 903 995 993 Pictones,
1013 902 1215 991 Cadurcos,

168 1007 169 1014 ἵ
220 1023 396 1116 Turones,
414 1026 599 1115 Aulercos,
622 1023 845 1116 Lemovices,
876 1021 1013 1116 Andes,
1043 1019 1214 1124 reliquos·

221 1168 292 1244 que
319 1171 456 1238 omnes,
486 1145 548 1246 qui
574 1148 759 1220 Oceanum
787 1143 988 1246 adtingunt,
1018 1141 1210 1244 adjungit:

212 1265 384 1341 ‘omniurn
413 1265 579 1342 consensu
612 1267 659 1341 ad
691 1293 773 1342 eum
807 1265 958 1348 defertur
990 1262 1207 1366 imperium}

221 1389 304 1486 Qua
324 1389 440 1463 oblata
456 1387 637 1487 potestate,
655 1388 824 1465 omnibus
852 1389 905 1462 his
928 1388 1127 1464 civitatibus
1142 1385 1213 1460 ob·

92 1568 99 1579 .
220 1509 308 1582 fides
322 1507 483 1606 imperat,
501 1523 637 1585 certum
659 1535 845 1586 numerum
865 1508 1024 1584 militum·
1036 1509 1082 1584 ad
1098 1507 1133 1582 se
1149 1530 1212 1581 ce·

221 1625 333 1702 leriter
354 1628 483 1704 adduci
504 1628 631 1728 jubet:
657 1655 833 1706 armorum
858 1647 1030 1729 quantum
1044 1650 1213 1727 .quaeque

207 1735 346 1823 'civitas
369 1748 482 1842 domi,
501 1751 670 1850 quodque
691 1771 771 1826 ante
793 1769 933 1847 tempus
952 1745 1101 1840 efficiat,
1122 1773 1212 1824 con·

156 1885 164 1904 ¹
220 1866 339 1943 stituit.
387 1869 573 1970 Inprimis
599 1871 770 1970 equitatui
796 1871 934 1946 studet:
960 1865 1211 1946 summaedili-

209 1988 347 2090 ‘gentiae
374 1989 546 2067 summam
569 1991 706 2092 imperii
730 1993 945 2068 severitatem
960 1989 1076 2086 addit:
1104 2014 1206 2088 mag·

148 2205 156 2220 .
222 2111 384 2188 nitudine
413 2111 572 2213 subplicii
599 2113 798 2190 dubitantes
826 2114 934 2216 cogit.
986 2114 1097 2204 Nam,
1131 2135 1206 2186 ma·

216 2229 297 2333 jore
317 2234 501 2310 commiffo
524 2232 668 2325 deluo,
698 2235 787 2335 igni,
811 2255 918 2334 atque
944 2232 1108 2310 omnibus
1136 2250 1206 2306 tor-

197 2339 200 2343 ’
222 2353 350 2430 mentis
371 2373 497 2430 necat:
531 2349 665 2429 leuiore
677 2357 724 2428 de
740 2357 866 2446 cauffa,
884 2355 1026 2430 auribus
1049 2351 1206 2444 delestis,

220 2493 282 2550 aut
309 2474 450 2575 lingulis
476 2473 601 2550 effoffis
628 2472 751 2563 oculis,
780 2475 930 2548 domum
962 2472 1132 2563 remittit;
1167 2494 1207 2548 ut

220 2598 288 2671 fint
314 2595 457 2695 reliquis
481 2597 710 2684 documento,
745 2598 780 2668 ἃ
818 2590 1064 2692 magnitudine
1090 2619 1208 2691 poenae

222 2735 431 2812 perterreant
449 2716 546 2790 alios.
670 2755 674 2774 ·

270 2836 316 2912 V.
341 2835 412 2912 His
427 2827 604 2935 subpliciis
619 2833 772 2912 celeriter
788 2833 909 2910 coacto
916 2830 1090 2923 exercitu,
1107 2827 1208 2910 Luc·¹

183 2983 191 2998 ‘
221 2956 350 3034 terium
377 2958 597 3050 Cadurcum,
637 2956 780 3033 summae
812 2955 994 3030 hominem
1037 2953 1204 3047 audaeiae,

220 3105 305 3156 curn
334 3099 431 3180 parte
456 3077 636 3179 copiarum
663 3078 700 3153 in
714 3081 888 3180 ¹Rutenos
915 3074 1023 3152 mittit
1030 3104 1042 3164 ;
1067 3074 1141 3175 ipse
1168 3075 1205 3150 in

220 3199 394 3302 Bituriges
409 3200 645 3302 proficiscitur.
696 3195 783 3298 Ejus
805 3199 959 3274 adventu
974 3196 1147 3298 Bituriges
1161 3197 1205 3272 ad

219 3321 371 3416 AEduos,
403 3348 555 3421 quorum
582 3340 681 3396 erant
707 3321 745 3396 in
768 3321 853 3411 fide,
883 3322 1015 3419 legatos
1048 3319 1204 3410 mittunt,

219 3440 409 3519 subsidium
435 3463 614 3543 rogatum,
639 3466 712 3541 quo
740 3438 875 3516 facilius
902 3439 1056 3515 hostium
1088 3438 1205 3537 copias
1278 3519 1281 3526 ,

220 3560 385 3637 sustinere
409 3567 545 3661 poffint.
606 3561 717 3637 AEdui
749 3563 795 3636 de
822 3561 963 3637 confilio
991 3564 1200 3660 legatorum,

221 3701 310 3781 quos
330 3680 445 3756 Caesar
469 3684 515 3758 ad
532 3681 727 3760 exercitum
749 3680 946 3782 reliquerat,
963 3679 1078 3780 copias
1102 3679 1201 3779 equi·
