2850 4752
386 421 437 474 os
455 397 587 473 Besso
604 396 794 471 Garsrco
817 395 911 472 Lrs.
925 394 1008 470 Vll.
1098 366 1182 494 =269

190 567 313 645 mittit.
361 571 624 648 Nihilominus
651 569 872 648 clandestinis
897 566 1036 646 nunciis
1056 563 1183 668 legati·

190 689 389 791 ossibusque
417 693 629 793 Allobrogas
656 689 829 782 sollicitat,
865 715 1016 790 quorum
1048 706 1185 769 mentes

187 813 353 888 nondum
370 814 416 888 ab
431 813 604 912 superiore
617 815 711 890 bello
728 811 886 888 resedill'e
901 810 1069 912 sperabat.
1100 809 1183 886 Ho-

187 957 272 1008 rum
305 933 521 1032 principibus
553 933 730 1031 pecunias,
759 931 892 1008 civitati
918 951 1037 1008 autem
1068 931 1182 1031 impe-

190 1050 288 1152 rium
301 1053 410 1130 totius
422 1053 609 1154 provincia
624 1053 818 1152 pollicetur.

77 1176 82 1183 ’
242 1172 363 1250 LXV.
389 1176 452 1249 Ad
468 1177 533 1250 hos
545 1199 675 1250 ,ornnes
692 1171 787 1248 casus
805 1164 941 1270 prouisa
957 1191 1054 1248 erant
1071 1175 1184 1272 prefi-

26 1377 30 1386 ι
189 1291 255 1374 dia
281 1293 480 1368 cohortium
512 1295 663 1377 duanam
696 1297 731 1367 ὅτ
759 1291 902 1393 viginti,
932 1317 1012 1392 quae
1040 1291 1100 1366 es.
1115 1291 1186 1390 ipsa
1224 1361 1230 1371 .

194 1414 320 1487 coasla
342 1413 526 1513 provincia
550 1418 597 1492 ab
619 1419 666 1492 1„
695 1413 830 1492 Casare
853 1414 970 1514 legato
993 1413 1039 1488 ad
1062 1417 1186 1488 omnes

193 1554 307 1632 partes
323 1536 602 1633 obponebantur.
652 1535 779 1612 Helvii
794 1535 854 1612 sua
865 1535 989 1636 sponte
1004 1559 1089 1610 cum
1104 1531 1185 1608 fini·

193 1653 288 1734 timis
321 1656 450 1755 proelio
480 1660 651 1757 congreffi
680 1660 869 1756 pelluntur,
900 1660 936 1732 dr
971 1657 1014 1731 C.
1042 1655 1185 1732 Valerio

193 1777 416 1868 Donotauro,
444 1778 576 1874 Caburi
590 1778 692 1868 silio,
723 1778 881 1878 principe
898 1777 1061 1869 civitatis,
1084 1799 1183 1854 com-

180 1895 423 2000 pluribusque
450 1897 523 1972 aliis
543 1897 751 1988 ‘interfeffis
775 1898 867 1973 intra
892 1897 1026 1996 oppida
1052 1896 1186 1974 muros·

86 2097 88 2106 Α
195 2018 560 2118 quecompelluntur.
612 2019 839 2116 Allobroges,
869 2019 1005 2114 ¹crebris·
1021 2013 1187 2092 ad'Rho-

193 2141 330 2229 danum
355 2136 523 2235 dispositis
546 2137 724 2240 praefidiis,
758 2161 997 2238 magnacum
1028 2161 1126 2241 cura,
1150 2140 1186 2212 &

195 2257 391 2357 diligentia,
404 2256 482 2334 suos
498 2277 651 2334 tuentur.
700 2256 826 2350 Caesar,
845 2257 942 2358 quod
954 2255 1069 2332 hostes
1085 2255 1185 2357 equi·

196 2398 271 2456 tatu
286 2377 475 2479 superiores
497 2380 564 2454 else
579 2365 819 2480 intellegebat,
838 2384 888 2472 dr,
904 2379 1092 2455 interclufis
1108 2403 1186 2463 om·

194 2499 299 2576 nibus
315 2484 511 2592 itineribus,
529 2502 626 2577 nulla
641 2526 677 2575 re
694 2527 739 2576 ex
755 2499 939 2578 Provincia
958 2517 1064 2598 atque
1087 2499 1188 2576 Italia

195 2620 368 2700 sublevari
395 2625 547 2721 poterat,
569 2642 664 2698 trans
693 2617 863 2698 Rhenum
891 2620 929 2697 in
958 2619 1187 2698 Germaniam

197 2729 367 2844 mittitad
383 2769 439 2818 eas
456 2743 627 2835 civitates,
645 2771 732 2844 quas
754 2741 990 2845 superioribus
1005 2740 1107 2840 annis
1123 2765 1186 2846 pa·

196 2883 358 2951 caverat3
384 2861 586 2963 equitesque
612 2867 659 2939 ab
686 2865 741 2940 his
772 2868 927 2960 arceffit3
955 2869 990 2940 δι
1019 2862 1108 2956 levis
1132 2887 1186 2951 ar-

198 3000 344 3057 maturae
373 2983 522 3080 pedites,
547 2983 612 3082 qui
625 2983 714 3056 inter
740 2979 800 3060 eos
826 2984 979 3084 proeliari
1000 2984 1188 3062 consueve-
1251 3005 1253 3009 ’

198 3121 288 3178 rant.
339 3104 473 3178 Eorum
501 3104 670 3193 adventu,
689 3103 786 3202 quod
799 3104 920 3178 minus
935 3103 1070 3178 idoneis
1092 3103 1190 3201 equis

199 3223 440 3314 utebantur,a
465 3221 613 3298 tribunis
635 3205 804 3314 militum,
828 3222 1049 3322 reliquisque,
1067 3221 1126 3298 sed
1152 3226 1188 3297 ὅτ

187 3342 376 3443 equitibus
396 3343 583 3442 Romanis,
612 3363 719 3445 atque
740 3342 908 3436 evocatis,
937 3330 1048 3444 equos
1071 3342 1189 3436 sumit,

167 3535 174 3558 ,
201 3462 454 3565 Germanisque
470 3462 652 3542 distribuit.

248 3587 386 3662 LXVI
424 3588 572 3679 Interes,
604 3587 691 3664 dum
720 3590 797 3666 hac
823 3608 1013 3724 geruntur,
1037 3588 1188 3668 hostium

203 3705 315 3807 copiae
342 3733 389 3785 ex
420 3707 604 3803 Arvernis,
632 3709 849 3840 equitesque,
877 3709 941 3814 qui
968 3710 1034 3788 toti
1064 3691 1189 3800 Gellio
