2912 4750
236 383 298 448 410
434 363 475 450 ς,
514 359 696 441 Jun11
736 359 1025 430 cnsrnto

273 518 474 602 Triumphaoti
488 526 515 580 dr
526 517 653 580 subsellia
665 516 832 580 Tribunitia
846 515 1060 597 praeteruehenti
1071 516 1123 580 fibi
1138 536 1224 582 uuum
1291 529 1299 540 “

234 643 251 684 e
263 623 384 704 collegio
397 621 529 684 Pontium
543 619 677 699 Aquilam
692 639 749 680 nun
762 617 952 689 adsurrexid'e,
965 618 1036 678 adeo
1050 618 1223 701 indignatur,

234 737 266 784 ot
279 723 506 804 proclamaverit:
522 723 621 801 Repete
631 741 715 800 ergoet
726 741 765 778 me
771 718 868 798 Aquila
878 719 1069 804 Rumpubltcam
1078 719 1223 782 Tribunus:

233 845 284 887 nee
305 823 444 886 destiterit
459 844 509 904 per
527 821 676 882 continuos
694 819 756 882 dies
774 819 927 905 quidquam
947 820 1091 901 cuiquam,
1109 822 1158 882 nili
1170 821 1222 884 sub

231 926 394 1006 exceptione
419 921 558 1002 polliceri,
587 922 727 981 Si-ranren
750 935 800 1002 pe(
824 922 944 982 Pontium
968 922 1091 1000 Aquilam
1115 921 1222 984 licuerit.

232 1025 381 1086 Suetonius
396 1033 423 1084 r’n
434 1023 544 1100 Cesare
555 1047 579 1083 c.
597 1042 740 1086 nxxvut.

270 1125 349 1186 Plebi
359 1126 467 1206 Regem
480 1125 508 1184 se
519 1124 660 1195 salutanti,
670 1124 848 1200 CaeJirremse,
857 1146 905 1183 non
915 1124 1010 1204 Regem
1018 1126 1064 1202 effe
1073 1123 1224 1206 respondit.

233 1226 380 1288 Suetonius
393 1235 420 1284 ie
433 1227 542 1304 Cesum
553 1249 577 1288 c.
595 1243 699 1286 uxxrx.
1069 1219 1073 1227 ’

271 1327 319 1388 De
337 1347 394 1406 quo
412 1348 513 1408 genere
531 1326 639 1408 optime
656 1327 695 1388 C.
712 1325 848 1386 Caesarem
862 1339 1056 1405 pretextatam
1069 1324 1161 1387 adhuc
1173 1347 1219 1386 rc·

138 1472 142 1481 ‚
229 1421 353 1508 oepiorut
364 1427 476 1497 dirtiffe,
489 1428 522 1487 tt
531 1445 632 1499 tantm,
645 1427 711 1487 mle
723 1443 811 1486 cantas
819 1432 867 1506 :fi
876 1427 950 1506 Iegis,
963 1442 1064 1489 cantas.
1091 1427 1222 1508 Qrinffi-

223 1528 314 1589 lianut
336 1531 357 1590 l.
374 1551 397 1591 ι.
412 1552 435 1589 c.
449 1550 532 1591 vrrr.
574 1527 660 1588 Habet
677 1527 711 1588 &
725 1529 808 1606 Joan.
830 1527 1034 1589 sarisberienlit
1048 1527 1142 1588 Metal.
1156 1530 1177 1591 I.
1194 1549 1221 1595 1.

230 1651 255 1690 c.
269 1649 333 1688 xxr.
343 1646 376 1708 p.
392 1649 459 1708 777.

265 1729 401 1788 Elevandi
416 1729 488 1788 ratio
500 1729 539 1788 ell
551 1729 669 1808 duplex,
689 1743 721 1788 ut
733 1743 781 1789 aut
791 1728 901 1789 veniam
915 1730 989 1808 quis,
1003 1731 1217 1808 rutjaflantiam

225 1826 351 1890 minuat:
370 1829 607 1908 quemadmodum
621 1831 655 1890 C.
670 1829 762 1890 Caesar
781 1829 937 1909 Pomponio
952 1830 1107 1891 ostendenti
1116 1832 1217 1891 ¹uulnus

224 1949 274 1998 ore
285 1945 435 2011 exceptum
454 1930 486 1990 in
497 1928 636 1991 seditione
654 1928 825 2009 Sulpiciana,
844 1930 920 2009 quod
942 1930 1038 2011 ipsese
1051 1931 1151 2010 pallum
1166 1951 1217 2011 pro

224 2031 333 2091 Cael'ate
346 2043 515 2111 pugnantem
529 2029 711 2112 gloriabatur,
733 2031 879 2110 Numquam
881 2037 992 2112 fugiens
1006 2033 1152 2109 respexerit,
1174 2033 1218 2093 irr-

222 2131 305 2210 quit:
319 2145 368 2192 aut
378 2130 487 2193 crimen
497 2132 648 2212 ubjotlum,
662 2146 694 2192 nt
705 2129 821 2202 Cicero,
835 2139 889 2192 tce.
915 2132 1125 2213 Qrindlilitnns
1138 2133 1158 2194 l.
1170 2153 1216 2196 rt.

221 2254 245 2294 t.
264 2253 332 2295 ιιι.

261 2334 310 2394 Et
332 2341 359 2393 lc
380 2333 427 2397 illa
441 2353 476 2394 ex
497 2333 590 2396 ironia
610 2335 698 2404 fittio,
716 2354 771 2414 qua
791 2332 855 2394 usus
877 2335 915 2396 est
934 2335 971 2394 C.
993 2333 1097 2396 Cesar.
1138 2334 1216 2395 Nam

220 2455 306 2516 qnam
321 2435 394 2496 testie
407 2434 526 2503 diceret.
540 2455 614 2495 areo
628 2434 794 2496 seminatur
807 2436 881 2495 ferro
894 2435 992 2514 petita,
1005 2441 1037 2494 dt
1048 2436 1111 2496 oller
1124 2434 1215 2497 facilia

140 2573 143 2582 ·
187 2535 190 2540 ’
219 2537 404 2618 reprehendo,
433 2534 580 2596 tutillam
601 2535 767 2616 potiffimum
790 2549 896 2616 partem
918 2535 1045 2616 corporis
1070 2538 1214 2596 vulnerare

218 2637 362 2698 uoluisset:
385 2640 449 2715 qnid
466 2645 532 2696 enlm
547 2642 664 2716 sarem,
684 2635 788 2714 inquit,
808 2643 883 2716 quam
904 2636 1045 2717 tugoleam
1061 2635 1094 2698 ὕ
1112 2637 1214 2696 lon‘cau

220 2736 353 2796 baberet?
373 2731 579 2813 Qindliliannt
591 2735 613 2800 ’1.
624 2757 670 2795 ιι.
684 2759 708 2795 c.
726 2755 756 2795 ιι
765 2755 791 2794 ι.

257 2835 305 2894 Sic
328 2834 373 2893 fae
389 2832 538 2905 existimer,
556 2836 615 2913 pust
628 2835 676 2894 har
687 2833 822 2907 miserint.
842 2836 872 2896 id
895 2839 944 2908 est,
967 2838 1107 2917 postquam
1129 2838 1213 2898 armir

217 2933 367 3016 disceptari
380 2949 507 3016 coeptum
527 2937 565 2996 est
586 2936 697 3016 dejure
717 2936 843 3018 publico,
861 2937 933 2999 nihil
953 2935 1006 3000 effe
1027 2941 1119 2999 atlum
1137 2939 1214 3000 aliud

216 3036 445 3118 cumdignitate.
486 3037 564 3098 Nam
586 3044 613 3097 dr
631 3035 689 3116 ipse
711 3038 943 3102 Cesaraccufata
961 3039 1113 3102 acerbitate
1134 3039 1214 3099 Mar·

215 3137 281 3199 colli
302 3140 349 3216 (lic
370 3139 446 3200 enirn
458 3139 591 3220 adpellat)
611 3139 776 3219 laudataque
789 3139 1062 3203 honorificentiffime
1083 3146 1109 3198 tr
1127 3138 1214 3218 oqui-

216 3251 274 3300 tate
294 3253 354 3310 tua,
377 3247 404 3300 tc
424 3239 581 3320 prudentia,
602 3253 715 3320 repente
736 3255 836 3322 praeter
859 3240 934 3322 spem
950 3241 1035 3310 dixit,
1046 3245 1082 3322 se
1101 3241 1212 3300 denatat

215 3348 321 3419 regenti
338 3342 370 3399 dc
381 3339 519 3412 Marcello,
537 3364 569 3400 ee
582 3343 600 3376 '
612 3340 716 3403 bunun
728 3344 826 3422 quidem
837 3348 915 3421 torosa
927 3359 1088 3424 negantem.
1123 3343 1213 3401 Cicero

214 3437 236 3500 I.
248 3459 276 3516 4.
291 3443 370 3520 Epfi.
384 3447 423 3501 ad
433 3440 533 3503 Fauii.
549 3442 631 3522 Epss.
644 3465 675 3524 4.
698 3445 738 3502 od
746 3445 803 3505 Str.
819 3443 968 3523 Sudtt'tr’um.
1258 3451 1264 3456 '

253 3527 403 3603 Demetrio
416 3544 513 3624 Megte
535 3545 687 3605 Dolabella'
705 3559 804 3626 rogatu
819 3565 883 3605 meo
905 3544 1048 3606 civitatem
1067 3564 1086 3605 a
1103 3542 1213 3604 Calore

201 3639 392 3720 impetravit:
414 3663 468 3721 qua
489 3643 519 3704 iu
534 3664 563 3704 re
577 3665 630 3726 ego
644 3645 771 3706 interfui.
810 3645 908 3724 Itaque
927 3666 1000 3708 nunc
1015 3645 1046 3707 P.
1062 3645 1209 3708 Cornelius

216 3757 341 3804 uocatur.
382 3741 535 3823 Quumque
560 3761 673 3824 propter
693 3745 826 3829 quosdam
853 3745 978 3807 sordidos
997 3745 1136 3824 hominet,
1159 3742 1211 3823 qui
