2814 4754
247 325 379 470 ιδιί1
510 385 952 484 0.]ιιιιιοιιειιιιιι
1039 413 1041 420 ’

242 558 453 640 Cavarinum
469 583 552 634 curn
578 560 735 660 equitatu
762 563 941 636 Senonum
973 551 1088 634 secum
1116 555 1237 654 proli·

242 679 321 758 cisci
330 678 446 779 jubet,
464 680 604 781 nequis
620 702 680 758 aut
703 708 749 759 cx
770 679 872 778 hujus
895 677 1087 768 iracundis,
1105 695 1167 752 aut
1183 699 1234 754 ex

234 827 298 892 eo,
316 803 421 900 quod·
441 823 625 894 meruerat,
654 803 739 878 odio
755 801 917 892 civitatis,
941 805 1058 876 motus
1078 798 1231 878 exsiliat·

243 922 315 998 His
330 925 431 1002 rebus
447 923 657 1014 constitutis,
676 924 773 1024 quod
786 949 849 1022 pro
866 923 1049 1021 explorato
1060 921 1232 1009 habebat,

241 1042 491 1176 Ambiorigem
507 1044 636 1142 proelio
654 1047 820 1124 noneffe
834 1063 1128 1132 concertat-,utum
1149 1038 1249 1115 reli·
1326 1037 1329 1052 '
1390 1031 1391 1052 ¹

241 1191 312 1264 qua
325 1191 398 1263 ejus
410 1164 549 1248 consilia
560 1191 680 1242 ammo
689 1163 996 1264 ctrcumsptctebat
1022 1163 1136 1239 Erant
1146 1161 1233 1237 Me

240 1285 335 1384 napii
347 1285 537 1385 propinqui
556 1289 767 1364 Eburonum
779 1286 920 1377 finibus,
936 1283 1113 1383 perpetuis
1131 1283 1234 1381 palu-

239 1407 346 1484 dibus
362 1405 521 1508 filvisque
536 1407 676 1499 muniti
697 1407 759 1508 qui
775 1407 837 1486 uni
854 1431 899 1482 ex
916 1405 1044 1496 Gallia,
1062 1405 1109 1480 de
1128 1427 1235 1502 pace,
1265 1497 1267 1501 Ι

104 1550 108 1558 ·
238 1529 287 1606 ad
318 1526 489 1604 Caesarem
517 1529 651 1627 legatos
681 1554 878 1628 numquam
908 1523 1081 1602 miserant.
1133 1525 1259 1636 Cum⁸

238 1647 281 1720 iis
312 1648 381 1722 effe
412 1647 612 1756 hospitium
635 1648 838 1750 Ambiorigi
871 1645 1023 1723 sciebat:
1049 1645 1135 1720 item
1165 1669 1233 1746 per
1390 1741 1391 1760 ἢ

237 1766 404 1844 Treviros
436 1768 568 1848 uenisse
590 1770 774 1846 Germanis
796 1769 832 1846 in
856 1769 1062 1859 amicitiam,
1090 1789 1231 1866 cogno·

239 1907 348 1966 verat.
397 1892 493 1970 Haec
506 1891 610 1996 prius
636 1892 688 1970 illi
715 1893 930 1968 detrahenda
957 1889 1086 1966 auxilia
1109 1886 1232 1982 caristie

239 2013 373 2106 mabar,
391 2037 500 2112 quam
516 2011 631 2112 ipsum
647 2016 743 2090 bello
758 2015 955 2100 lacesseret3
981 2037 1040 2102 ne,
1053 2008 1234 2108 desperata

63 2201 65 2209 Α
98 2185 106 2210 .
200 2146 202 2150 ’
238 2131 358 2227 salute,
373 2145 434 2210 aut
444 2133 479 2212 se
491 2134 529 2211 in
545 2136 736 2236 Menapios
752 2137 909 2228 abderet,
924 2155 1080 2210 autenm
1094 2127 1229 2206 Trans-

238 2255 402 2332 rhenanis
425 2257 594 2356 congredi
610 2277 807 2356 cogeretur.
824 2329 825 2332 ,
856 2258 943 2332 Hoc
965 2255 1055 2330 inito
1072 2251 1231 2342 consilio,

237 2373 343 2475 totius
361 2375 534 2450 exercitus
550 2375 790 2473 inpedimenta
800 2377 845 2450 ad
862 2373 1064 2452 Labienum
1080 2375 1118 2448 in
1134 2374 1229 2448 Tre-

149 2521 156 2527 ·
204 2507 206 2516 '
237 2491 332 2570 viros
357 2491 482 2586 mittit,
508 2494 662 2594 duasque
689 2495 843 2594 legiones
870 2495 916 2569 ad
945 2519 1027 2568 eum
1053 2493 1230 2590 proficisci

231 2613 357 2716 juben
385 2614 456 2719 ipse
477 2641 561 2690 cum
577 2615 772 2714 legionibus
794 2612 1013 2712 capeditis‘u
1034 2613 1072 2686 in
1093 2615 1228 2686 Mena-

236 2731 315 2836 pios
349 2733 589 2829 proficiscitur.
638 2733 708 2826 llli,
737 2735 833 2808 nulla
859 2735 980 2812 consta
1006 2725 1126 2823 manu,
1153 2729 1230 2808 loci

236 2852 394 2952 prasidio
411 2851 502 2946 freti,
516 2853 553 2928 in
570 2856 679 2932 filtas.
694 2854 906 2956 paludesque
927 2853 1152 2954 confugiunt,
1168 2851 1229 2930 su·

208 3039 211 3046 ,
238 2999 331 3075 aquo
347 2976 475 3053 eodem
489 2973 688 3054 conferunt.
1390 3043 1391 3062 ,

222 3079 224 3088 l
286 3099 351 3173 VI.
375 3096 500 3189 Caesar,
519 3097 780 3198 partiriscopiis
794 3123 881 3186 cum
897 3098 942 3172 C.
964 3096 1076 3175 Fabio
1092 3098 1260 3198 legato,.
1390 3097 1391 3146 ³

238 3221 348 3296 &M.
361 3221 483 3297 Crasso
501 3221 683 3322 questore,
706 3219 932 3320 celeriterque
953 3218 1084 3294 effoetis
1105 3217 1222 3318 ponti·
1390 3237 1391 3276 ι

236 3342 317 3432 bus,
348 3342 422 3418 adit
453 3341 641 3440 tripartito,
672 3341 822 3418 aedificia
852 3323 1018 3439 vicosque
1044 3338 1225 3424 inccndit;

111 3493 119 3514 ·
237 3485 368 3559 magno
398 3464 533 3562 pecoris
558 3482 664 3563 atque
691 3461 878 3538 hominum
903 3487 1053 3538 numero
1078 3458 1223 3558 potitur.

135 3685 137 3690 ἵ
237 3580 376 3678 Qubus
407 3585 525 3658 rebus¹
543 3581 654 3658 coacti
687 3582 861 3683 Menapii,
890 3584 1024 3684 legatos
1051 3583 1097 3656 ad
1123 3605 1221 3671 cum,

237 3699 331 3802 pacis
359 3705 518 3801 petenda
537 3704 678 3798 [caussa
712 3703 869 3782 mittunt.
933 3706 1015 3814 ille,
1044 3700 1226 3788 obsidibus
