2932 4750
354 409 357 413 ·
427 407 477 460 nn
502 387 634 492 unm
652 383 849 460 Gnnnrco
875 378 1007 458 Lini.
1161 401 1202 474 4¹

231 563 265 637 ἃ
282 580 403 660 preter
418 560 467 654 se,
493 561 603 635 denos
618 581 656 634 ut
672 561 716 636 ad
731 559 959 659 conloquium
981 557 1209 648 adducerent,

229 681 429 778 postulavit.
478 681 554 756 Ubi
578 707 622 756 eo
638 702 782 758 ventum
800 682 862 775 est,
892 678 1002 754 Caesar
1016 676 1118 752 initio
1133 701 1210 752 ora·

227 803 332 879 tionis
346 804 407 878 sua
422 803 633 902 senatusque
649 802 685 878 in
706 829 788 878 eum
806 799 975 876 beneficia
991 791 1209 876 commcm'o·

229 923 345 1010 ravit;
371 924 470 1022 quod
494 949 557 998 rex
583 925 775 1021 adpellatus
791 923 871 996 effet
895 947 916 994 a
942 922 1082 1010 Senatu,
1112 918 1210 1017 quod

229 1043 377 1134 amicus,
408 1044 507 1140 quod
545 1067 691 1117 munera
714 1042 922 1140 amplissima
947 1039 1070 1126 miffa3
1103 1063 1210 1139 quam

228 1189 304 1238 rem
330 1166 364 1236 δι
382 1160 503 1260 paucis
520 1161 714 1260 contigille,
744 1165 778 1236 δι
796 1185 860 1258 pro
876 1158 1010 1258 magnis
1025 1159 1212 1234 hominum

227 1282 352 1356 officiis
366 1279 542 1366 consuelle
563 1280 668 1356 tribui
684 1283 833 1357 docebat
849 1310 858 1354 :
885 1281 1001 1371 illum,
1025 1304 1136 1377 quum
1150 1303 1211 1352 ne-

230 1426 303 1500 que
318 1400 465 1490 aditum,
492 1425 605 1500 neque
621 1405 770 1478 cauffam
788 1401 985 1502 postulandi
1002 1399 1133 1500 justam
1151 1400 1211 1472 ha-

232 1524 341 1612 beret,
372 1521 540 1596 beneficio
556 1547 597 1597 ac
614 1523 815 1599 liberalitate
843 1523 902 1600 sua
918 1549 959 1600 ac
983 1526 1142 1611 Senatus,
1172 1541 1213 1593 ea

230 1641 376 1740 praemia
400 1641 635 1718 consecutum.
686 1646 847 1720 Docebat
875 1645 993 1736 etiam,
1023 1665 1131 1743 quam
1149 1663 1210 1714 ve·

229 1763 329 1874 terei,
370 1787 546 1861 quamque
568 1761 667 1861 justae
696 1767 818 1840 cauffae
847 1763 1101 1840 necessitudinis
1120 1763 1211 1861 aipfis

115 1903 118 1908 “
230 1906 312 1956 cum
337 1881 464 1958 AEduis
488 1882 765 1970 intercederent3
802 1909 881 1980 quae
907 1886 1048 1957 Senatus
1075 1879 1210 1956 consul·

230 2023 279 2092 ta,
321 2002 470 2100 quoties,
518 2027 699 2101 quamque
727 2002 931 2092 honorifica,
965 2002 1002 2074 in
1035 2025 1095 2075 eos
1123 1996 1214 2074 faeta

230 2123 366 2206 effent;
404 2142 445 2194 ut
476 2123 764 2219 omnitempore
795 2120 900 2196 totius
927 2120 1050 2196 Galliae
1084 2118 1211 2217 princi-

180 2301 184 2308 .
231 2258 354 2338 patum
382 2237 493 2312 AEdui
522 2239 716 2330 tenuill'ent,
735 2239 840 2339 'prius
867 2240 985 2332 etiam,
1012 2265 1119 2338 quam
1136 2237 1212 2314 nos·

230 2379 321 2432 tram
337 2357 525 2433 amicitiam
543 2357 757 2457 adpetillent.
807 2361 933 2459 Populi
950 2361 1105 2437 Romani
1121 2342 1213 2436 hanc

229 2479 299 2553 elle
320 2477 622 2571 consuetudinem,
644 2500 684 2582 ut
711 2479 834 2573 socios,
861 2502 966 2580 atque
983 2481 1114 2556 amicos
1140 2507 1213 2556 non

229 2597 341 2674 modo
364 2596 415 2673 sui
446 2596 535 2672 nihil
557 2600 760 2697 deperdere,
790 2601 848 2678 sed
879 2602 1002 2702 gratia,
1028 2601 1212 2701 dignitate,

231 2721 367 2795 honore
383 2718 549 2794 nudiores
566 2720 650 2794 velit
665 2724 743 2796 elle.
792 2724 901 2822 Qrod
917 2749 1000 2800 vero
1022 2724 1069 2798 ad
1092 2721 1213 2798 amici·

231 2838 317 2914 tiam
334 2839 457 2938 populi
482 2840 636 2916 Romani
652 2842 863 2934 adtulissent,
892 2844 928 2920 id
945 2844 986 2918 iis
1011 2842 1111 2943 eripi,
1135 2842 1214 2943 quis

233 2959 303 3058 pati
319 2957 429 3058 pollet
443 2963 457 3034 ?
470 2961 674 3036 Postulavit
690 2962 818 3037 deinde
833 2965 970 3055 eadem,
996 2991 1074 3063 quae
1093 2961 1215 3061 legatis

231 3077 271 3152 in
287 3079 468 3156 ‘mandatis
491 3081 648 3173 dederat,
686 3109 731 3158 ne
752 3103 812 3158 aut
838 3084 978 3174 AEduis,
1007 3104 1067 3160 aut
1093 3106 1215 3156 eorum

231 3199 329 3275 sociis
342 3202 474 3276 bellum
490 3195 653 3288 in'ferret3
679 3204 813 3276 obfides
829 3204 1011 3287 redderet3
1041 3207 1065 3278 fi
1082 3202 1214 3280 nullam
1287 3197 1291 3206 “

234 3340 368 3420 partem
385 3324 641 3396 Germanorum
665 3319 815 3394 domum
836 3320 1011 3396 remittere
1034 3322 1155 3420 pollet,
1180 3345 1214 3398 at

234 3466 279 3516 ne
295 3467 385 3540 quos
400 3440 553 3540 amplius
570 3441 739 3517 Rhenum
758 3445 896 3516 tranfire
912 3460 1092 3540 pateretur.

284 3561 418 3669 XLIV.
444 3559 637 3641 Ariovistus
664 3562 710 3636 ad
739 3561 908 3660 postulata
935 3563 1075 3639 Cesaris
1103 3589 1239 3664 pauca*

234 3679 436 3780 respondit;
469 3678 607 3790 deluis
636 3681 820 3759 virtutibus
852 3684 962 3760 multa
987 3682 1243 3784 praedicarim
