2814 4754
375 403 426 458 or
450 333 792 460 antiocenum
817 377 909 456 Lra.
927 378 992 496 Vl.
1103 323 1172 480 cog

181 572 315 640 eorum
337 554 471 634 indicio
494 543 541 634 ad
564 555 679 659 ipsum
704 556 954 658 Ambiorigem
980 553 1177 646 contendit,

186 703 264 778 quo
279 677 318 754 in
334 679 427 754 'loco
443 687 534 756 'cum
557 679 678 780 paucis
695 677 871 778 equitibus
899 679 965 752 else
987 675 1180 752 dicebatur.

183 786 354 875 Multum
373 826 483 898 quum
498 798 535 874 in
558 800 723 876 omnibus
744 803 861 893 rebus,
878 819 966 876 turn.
977 797 1014 874 in
1031 821 1069 872 re
1085 795 1179 872 mili·

181 920 255 996 tari
281 919 409 1021 potest¹
422 919 572 1001 fortuna.
636 923 735 996 Nam
768 925 853 996 ficut
886 944 1020 1020 magno
1053 916 1181 994 accidit

182 1038 284 1135 casu,
303 1061 343 1121 ut
359 1043 403 1118 in'
413 1043 529 1141 ipsum
545 1042 727 1116 incautum
737 1059 848 1141 ¹atque
865 1040 968 1115 ctiam
984 1039 1182 1138 inparatum

183 1162 373 1254 incideret,
402 1163 564 1262 priusque
597 1161 670 1262 ejus
700 1159 869 1237 adventus
896 1163 942 1236 ab
975 1153 1181 1236 hominibus

189 1285 387 1373 videretur,
424 1308 533 1382 quam
556 1265 663 1360 fama
676 1309 718 1358 ac
744 1279 881 1357 nunciis
902 1278 1111 1355 adferretur:
1137 1278 1184 1356 fic

194 1429 338 1504 megnae
362 1402 429 1478 fuit
456 1402 621 1496 fortune,
651 1402 749 1478 omni
777 1401 919 1479 militari
941 1400 1184 1492 instrumento,

192 1527 294 1626 quod
312 1525 442 1602 cneum
460 1523 494 1600 se
521 1527 687 1616 habebat,
713 1544 847 1624 erepto,
874 1521 992 1598 rhedis
1018 1515 1184 1622 equisque

191 1648 462 1745 comprehensis,
486 1645 601 1746 ipsum
620 1647 775 1747 effugere
796 1664 963 1720 mortem·
1024 1641 1093 1717 Sed
1114 1643 1184 1718 hoc

150 1789 162 1798 ·
194 1792 237 1842 eo
268 1765 402 1880 fadum
431 1767 493 1859 est,
528 1767 640 1866 quod,
670 1765 821 1842 aedificio
852 1765 1071 1841 circumdato
1099 1765 1185 1840 silva

120 1961 126 1970 .
196 1892 247 1986 (“
263 1908 302 1962 ut
323 1887 401 1963 funt
425 1886 497 1962 fere
518 1885 699 1960 domicilia
721 1887 921 1974 Gallorum,
949 1885 1027 1982 qui,
1050 1883 1186 1960 vitandi
1313 1899 1318 1928 l

196 2016 226 2054 “
243 2009 344 2084 aestus
360 2009 490 2098 cauda,
512 2008 721 2106 plerumque
740 2007 903 2081 silvarum
916 2029 970 2080 ,ac
996 2003 1185 2080 fluminum
1266 2027 1270 2034 ·

95 2203 100 2206 .
196 2137 368 2229 “petunt
399 2125 733 2226 propinquitates‚'')
767 2123 912 2200 comites
932 2122 1185 2224 familiaresque

195 2247 270 2352 ejus
285 2248 433 2348 angusto
449 2247 486 2321 in
508 2249 589 2321 loco
606 2245 789 2347 paullisper
810 2245 968 2346 equitum
985 2243 1186 2321 nostrorum

195 2368 534 2458 vimsustinuerunt.
581 2368 659 2444 His
676 2367 930 2468 pugnantibus,
956 2367 1055 2444 illurn
1083 2367 1120 2442 in
1148 2391 1186 2443 e·

195 2516 309 2590 quum
321 2479 472 2590 ¹quidam
488 2513 534 2564 ex
547 2487 613 2564 fuis
628 2489 761 2564 intulit:
789 2471 984 2588 fugientem
998 2491 1090 2565 filvae
1106 2508 1184 2564 tex-

193 2630 306 2686 erunt.
355 2607 412 2686 Sic
430 2615 465 2685 &
482 2613 528 2686 ad
551 2609 771 2688 subeundum
788 2591 998 2710 periculum,
1017 2614 1052 2686 dt
1068 2609 1115 2684 ed
1128 2607 1182 2684 vi·

194 2732 356 2824 tandum,
372 2734 529 2808 multum
546 2731 684 2810 fortuna
700 2731 821 2823 valuit.
903 2741 907 2748 '
1035 2809 1038 2815 ,

243 2853 385 2926 XXXI.
420 2853 620 2942 'Ambiorix
641 2856 770 2953 copias
796 2855 873 2930 suas
900 2851 1082 2953 judicionc
1110 2875 1184 2927 non

197 2971 424 3063 conduxerit,
441 2971 541 3070 quod
558 2972 684 3069 proelio
704 2975 951 3050 dimicandum
973 2999 1047 3050 non
1064 2970 1184 3047 existi-

87 3170 91 3175 ,
196 3089 316 3181 mant,
333 3115 379 3164 an
394 3110 551 3190 tempore
566 3091 739 3184 exclusus,
765 3093 998 3191 &repentino
1021 3090 1186 3190 equitum

197 3211 353 3286 adventu
386 3211 598 3311 prohibitus,
631 3237 745 3310 quum
779 3213 955 3311 reliquum
987 3210 1185 3286 exercitum

196 3329 549 3430 subsequicredcret,
575 3331 728 3410 dubium
752 3333 837 3408 est„
863 3333 932 3407 Sed
957 3350 1075 3422 certes
1095 3331 1186 3406 clam

197 3453 419 3553 dimiffisper
442 3479 546 3555 agros
565 3451 716 3546 nunciis,
735 3453 796 3530 fibi
812 3477 992 3554 quemque
1008 3450 1186 3528 consulere

191 3573 308 3674 judita
337 3601 490 3677 quorum
516 3601 594 3675 pars
620 3575 657 3650 in
686 3575 927 3652 Arduennam
946 3576 1095 3668 filvam,“
1109 3599 1188 3676 pars

198 3694 236 3771 in
273 3698 492 3775 continentes
529 3698 678 3796 paludes
714 3695 889 3799 profugit:
933 3695 994 3797 qui
1030 3693 1187 3796 proximi
