2814 4754
245 389 315 480 184
529 383 573 458 C.
597 373 984 496 jeurtensium
1025 437 1028 445 ·

136 553 145 574 ⁶
182 605 183 610 =
242 561 277 633 ὅτ
293 557 450 633 adduiiis
468 557 679 659 legionibus,
696 558 949 660 duplicatoque
964 579 1082 638 earum
1099 557 1230 634 cobor-

230 673 328 756 ‘tium
345 703 506 770 numero,
531 704 618 780 quas
641 704 726 756 cum
753 679 966 780 QTiturio
993 677 1166 769 amiserat,
1193 677 1231 754 δι

242 798 428 892 celeritate,
448 798 619 898 &copiis
642 799 778 892 docuit,
805 799 894 900 quid
917 798 1043 909 populi
1068 797 1230 880 Romani

241 917 424 1018 disciplina
438 939 643 1020 atque-opes
660 923 813 1023 pollent.

288 1041 334 1114 ΙΙ.
371 1037 555 1120 Interfecto
583 1042 851 1134 induciomaro,
880 1060 922 1116 ut
948 1038 1152 1134 docuimus,
1185 1039 1233 1114 ad

239 1157 310 1258 ejus
327 1159 543 1261 propinquos
559 1143 581 1235 a
596 1160 749 1236 Treviris
762 1161 951 1262 imperium
967 1159 1136 1237 defertur.
1173 1157 1232 1234 Illi

241 1279 411 1386 finitimos
427 1284 621 1366 Germanos
646 1281 841 1377 sollicitare,
860 1282 1099 1383 &pecuniam
1124 1279 1231 1382 polli-
1252 1299 1254 1302 ·

241 1403 312 1478 ceri
328 1430 399 1486 nou
422 1403 596 1490 desistunt.
645 1407 768 1510 Qrum
792 1406 838 1485 ab
863 1403 1034 1514 proximis
1057 1402 1233 1504 inpetrare

91 1565 100 1589 ·
241 1550 313 1606 non
330 1511 480 1624 pollent,
499 1525 679 1600 ulteriores
696 1533 855 1601 te'ntant:
881 1523 1031 1600 inventis
1047 1522 1232 1601 nonnullis

241 1643 458 1738 civitatibus,
469 1643 693 1746 jurejurando
715 1645 805 1724 inter
827 1643 861 1728 se
882 1643 1106 1734 confirmant,
1133 1645 1231 1718 obli-

114 1853 117 1862 Ι
241 1764 413 1864 dibusque
440 1765 487 1840 de
513 1766 661 1866 pecunia
688 1785 838 1848 cavent:
882 1763 1128 1864 Ambiorigem
1163 1761 1231 1840 fibi

241 1883 400 1966 societate
418 1890 451 1962 δι
468 1885 601 1992 foedere
618 1887 823 1989 adjungunt.
865 1885 1005 1986 Qribus
1020 1886 1122 1960 rebus
1139 1909 1231 1984 cog·

241 2001 336 2097 uitis,
352 2008 478 2101 Caesar,
496 2035 609 2110 quum
624 2009 780 2108 undique
796 2010 930 2086 bellurn
946 2006 1062 2108 parari
1076 2005 1229 2096 videret,

240 2128 408 2222 Nervius,
428 2131 648 2225 Aduatucos,
676 2130 878 2231 Menapios,
899 2127 1067 2229 adjundtis
1092 2127 1231 2203 Cisrhe-

242 2251 342 2328 nanis
367 2251 535 2340 omnibus
563 2239 761 2344 Germanis,
789 2253 859 2336 etse
875 2250 913 2334 in
935 2250 1054 2344 armis,
1077 2251 1232 2327 Senones

241 2372 287 2444 ad
319 2363 530 2468 imperatum
557 2397 630 2446 non
660 2372 792 2462 venire,
821 2376 856 2446 δι
881 2397 966 2446 cum
1000 2371 1232 2463 Carnutibus,

244 2488 468 2589 finitimisque
495 2489 694 2570 civitatibus
726 2491 865 2568 confilia
895 2491 1173 2582 communicare,
1191 2527 1193 2534 .
1208 2513 1238 2570 a

240 2611 398 2692 Treviris
415 2613 611 2686 Germanos
629 2611 758 2692 crebris
775 2609 1008 2708 legationibus
1029 2609 1204 2688 sollicitari
1218 2639 1236 2699 a

240 2730 411 2816 maturius
434 2731 496 2807 fibi
512 2732 557 2806 de
573 2732 669 2806 bellu
685 2729 917 2830 cogitandum
933 2728 1080 2830 putavit.

206 2841 207 2846 ’
287 2851 353 2924 111.
378 2851 516 2950 Itaque,
541 2853 704 2933 nondum
724 2851 841 2927 bieme
863 2849 1037 2942 conlutis,
1061 2847 1234 2948 proximis

223 2997 285 3050 'tv
304 2971 431 3048 coadtis
458 2972 669 3074 legionibus,
708 2973 754 3049 de
778 2970 957 3072 inproviso
977 2971 1118 3050 infines
1133 2972 1232 3048 Ner·

241 3096 380 3174 riorum
396 3081 602 3192 contendit}
629 3101 679 3192 &,
697 3095 808 3194 prius,
826 3090 1003 3193 quantilli
1023 3110 1085 3169 aut
1099 3115 1233 3168 conve·

242 3216 331 3310 nire,
360 3235 421 3292 aut
441 3216 626 3318 profugere
643 3217 793 3314 pollent,
816 3239 950 3314 magno
966 3212 1110 3312 pecoris
1125 3231 1232 3311 utque

241 3337 427 3418 hominum
443 3362 594 3418 numero
611 3355 729 3437 capto,
748 3354 853 3435 atque
869 3359 910 3410 ea
928 3335 1047 3434 praeda
1057 3331 1231 3416 ‚militibus

243 3458 416 3553 concessa,
434 3457 639 3566 vastatisque
659 3455 764 3556 agris,
788 3454 826 3538 in
841 3454 1068 3557 ¹<inditionem
1095 3451 1231 3542 venire,-

241 3592 347 3674 atque
371 3579 506 3662 obfides
523 3577 584 3662 fibi
604 3574 840 3676 dareco'e'git.
890 3577 947 3652 Eo
966 3573 1119 3658 celeriter
1142 3597 1228 3650 ceu·
1281 3615 1283 3620 ·
1326 3639 1341 3652 .

242 3693 510 3798 suonegotio,
528 3696 642 3786 rursus
658 3695 704 3784 in
726 3695 873 3795 hiberna
895 3696 1051 3800 legiones
1077 3691 1230 3796 reduxit,
