2850 4752
370 417 421 474 nt
446 359 580 480 mito,
600 398 790 474 Gntnrco
814 397 909 474 Ltt.
927 395 1010 473 VII.
1118 398 1189 498 265

188 560 309 666 jedls,
333 568 381 643 ab
402 565 518 642 'animi
555 566 684 644 virtute
715 563 889 644 auxilium
916 565 1111 666 petendum
1124 562 1191 650 ,vi-

195 684 332 882 delialtd
356 809 481 907 ltaque
507 808 572 884 sub
595 807 777 910 vesperum
805 807 949 908 consilio
978 827 1191 898 convocato,

43 935 44 942 ’
106 945 110 956 ’
193 929 415 1024 cohortatus,
440 949 481 1004 ut
503 955 558 1022 ea,
581 954 662 1029 quae
691 929 905 1028 imperasset,
927 928 1117 1030 diligenter
1139 927 1193 1004 in·

193 1047 410 1150 dustrieque'
425 1049 718 1142 administrarent,
747 1073 869 1139 naves,
902 1075 987 1148 quat
1018 1073 1039 1126 t
1071 1050 1192 1128 Melo·

190 1168 299 1244 duno
326 1171 537 1262 deduxerat,
565 1173 723 1269 singulus¹
738 1168 915 1269 equitibus
934 1169 1108 1246 Romanis
1129 1171 1192 1248 ud·

194 1289 320 1366 tribuit
332 1319 344 1378 3
372 1293 421 1380 ἃ,
440 1288 554 1388 prima
575 1289 732 1368 confecta
760 1289 896 1391 vigilia,
923 1316 964 1366 tv
991 1289 1091 1366 milia
1118 1291 1194 1390 pss-

195 1407 304 1487 suum
326 1409 479 1490 secundo
495 1413 642 1488 flumine
660 1412 793 1490 flendo
811 1409 992 1512 progredi,
1017 1409 1139 1510 ibique
1160 1410 1196 1488 se

197 1527 404 1629 exspectari,
427 1529 552 1631 jubet:
580 1560 604 1608 v
634 1535 809 1627 cohortes,
841 1559 929 1634 quas
957 1531 1105 1609 minime
1133 1533 1193 1610 fir·

197 1677 274 1728 mss
289 1652 335 1728 td
351 1653 594 1732 dimicandum
615 1657 685 1730 effe
701 1655 940 1746 existimabat,
958 1653 1076 1731 castris
1100 1677 1192 1754 prae·

199 1771 287 1848 fidio
321 1775 510 1876 relinquit:
549 1803 574 1852 v
607 1773 762 1876 ejusdem
794 1776 943 1878 legionis
970 1775 1121 1876 reliquas
1146 1778 1192 1854 de

100 1933 104 1936 ·
197 1893 320 1970 media
344 1897 447 1970 nos'te
480 1921 564 1971 cum
585 1878 1025 1995 omnibus’inpedimentis
1049 1896 1193 1974 adverso

199 2014 348 2092 flumine
371 2041 504 2117 magno
519 2018 676 2092 tumultu
692 2013 863 2115 proficisci
886 2015 1049 2114 impetat,
1096 2015 1193 2090 Con-

198 2132 307 2232 quirit
324 2133 432 2212 etiam
455 2136 597 2212 lintres:
623 2139 685 2214 has
705 2143 845 2236 'magno
871 2132 990 2212 sonitu
1013 2157 1193 2212 remorum

197 2253 370 2348 incitatas,
399 2256 436 2334 in
465 2257 628 2334 eamdem
656 2277 793 2358 partem
828 2255 945 2332 mittit.
1011 2251 1101 2356 lpse'
1114 2255 1193 2355 post

199 2378 334 2476 paullo,
358 2379 490 2454 silentio
507 2380 767 2480 egrtliuttum
790 2403 842 2456 ιιι
868 2375 1082 2478 legionibus,
1110 2403 1193 2454 eum

198 2499 318 2574 locum
336 2499 435 2598 petit,
454 2526 526 2600 quo
543 2526 648 2576 naves
667 2501 796 2600 adpelli
818 2496 972 2599 jusserat.
1055 2543 1058 2550 «

89 2707 93 2718 ,
247 2621 352 2698 LXI.
377 2623 434 2700 Eo
451 2644 564 2724 quum
581 2625 663 2699 effet
679 2642 841 2714 ventum,
861 2621 1098 2719 exploratores
1114 2617 1192 2696 hos·

198 2739 303 2834 tium,
322 2763 363 2819 ut
389 2744 488 2820 omni
506 2743 662 2820 fluminis
689 2764 786 2844 parte
801 2763 900 2820 erant
926 2739 1095 2842 dispositi,
1114 2741 1191 2818 ino·

188 2860 372 2960 pinantes,
395 2865 498 2964 'quod
513 2909 514 2914 =
529 2889 660 2964 magna
688 2862 801 2940 subito
839 2881 911 2940 etat
943 2881 1063 2940 coorta
1097 2883 1190 2940 tem·

199 2980 324 3080 pestas,
340 2986 392 3059 nb
415 2983 537 3061 nostris
553 2983 824 3083 obprimuntur:
852 2984 1027 3062 exercitus
1055 2983 1191 3082 equita·

199 3100 337 3202 tusque,
354 3103 532 3204 equitibus
552 3102 728 3178 Romanis
743 3101 1078 3196 administrantibus,
1103 3129 1193 3202 quos

198 3221 232 3302 ti
248 3221 392 3323 negotio
410 3219 625 3322 praefecerat,
643 3221 801 3300 celeriter
816 3221 1069 3300 transmittitur.
1103 3223 1192 3299 Uno

187 3341 273 3420 -fete
301 3363 460 3444 tempore
493 3342 557 3420 sub
587 3345 706 3422 lucem
738 3343 897 3420 hostibus
929 3342 1128 3436 nunciatur,
1153 3343 1191 3420 in

199 3464 318 3542 castris
336 3468 583 3544 Rornanorum
606 3485 730 3565 praetet
745 3463 1034 3542 consuetudinem
1058 3467 1195 3554 tumul..

198 3587 354 3678 tutti&
380 3612 552 3687 magnum
574 3585 626 3662 ire
647 3612 778 3688 agmen
798 3585 942 3688 adverso
956 3586 1119 3680 flumine,
1137 3586 1191 3663 so·

198 3705 384 3808 nimmque
405 3731 584 3786 remorum
612 3707 650 3786 in
679 3709 804 3788 eadem
830 3729 927 3808 parte
953 3709 1128 3800 exaudiri,
1155 3713 1190 3782 st
