2850 4752
247 529 252 540 ·
333 403 386 501 nu
404 378 537 502 Briso
555 423 747 500 Gnsorco
773 400 867 498 Lm.
883 415 982 498 v111.
1061 441 1154 522 309

143 567 264 700 quern
275 593 447 678 timorem
468 599 612 694 accidit,
640 620 722 679 tum
747 595 978 675 multitudine
993 587 1152 696 ipsorum

149 719 408 797 denimennrm
424 721 606 820 accipitur.
731 785 733 791 Α

196 839 301 915 XIX.
318 841 458 940 Quin,
469 837 640 940 dispositis
650 859 786 934 turmis,
800 831 1152 934 invicemrariproe·

149 957 346 1050 liarentur3
381 986 499 1060 neque
528 965 576 1037 ab
609 961 776 1037 lateribus
804 954 1051 1038 circumveniri
1078 953 1157 1031 suos

49 1084 54 1088 ’
149 1073 374 1176 paterentur,
404 1089 597 1179 erumpunt
613 1080 732 1171 ceteri,
756 1078 888 1154 Correo
910 1077 1094 1177 proeliante
1109 1095 1157 1152 ex

149 1199 278 1276 silvis.
301 1197 360 1274 Fit
376 1223 509 1298 magna
526 1199 750 1274 contentione
766 1193 943 1275 diversum
962 1197 1153 1295 proeliunr:

149 1317 257 1417 quod
275 1341 390 1418 quum
406 1317 539 1393 diutius
556 1345 631 1419 part
621 1315 801 1394 Marte
791 1317 950 1406 rniretua
973 1314 1157 1416 paullatim

77 1533 80 1541 Ι
149 1461 203 1513 ex
220 1437 314 1512 silvis
326 1437 491 1512 instrudla
508 1439 700 1516 multitudo
712 1437 871 1539 procedit
888 1436 1063 1536 peditum,
1076 1457 1158 1534 quae

152 1556 291 1632 nostros
330 1557 449 1657 coegit
480 1559 606 1634 cedere
632 1557 795 1658 equites:
835 1557 966 1658 quibus
999 1537 1180 1632 celeriter

153 1675 369 1754 subveniunt
387 1677 474 1754 levis
491 1697 675 1756 armaturae
692 1679 842 1779 pedites,
863 1703 953 1779 quos
968 1691 1050 1754 ante
1065 1675 1155 1778 legi·

154 1819 240 1872 ones
262 1795 384 1874 miffos
400 1797 531 1887 docui3
555 1797 751 1897 turmisque
775 1797 975 1874 nostrorum
1000 1796 1155 1896 interpo-

154 1916 223 2008 fiti‚
252 1915 450 1992 constanter
466 1915 683 2015 proeliantur.
732 1917 920 2016 Pugnatur
936 1915 1157 2016 aliquamdiu

81 2119 84 2124 ,
147 2035 233 2136 ‚pori
250 2035 505 2114 contentione:
525 2034 667 2128 deinde,
684 2054 725 2110 ut
741 2036 830 2112 ratio
844 2032 1044 2135 postulabat
1059 2057 1155 2134 proe-

156 2155 218 2247 lii,
245 2155 325 2255 qui·
340 2153 572 2230 sustinuerant
600 2154 733 2257 primos
766 2152 905 2256 inpetus
936 2147 1155 2247 insidiarum,

156 2275 229 2350 boc
256 2273 442 2375 ipsoflfrunt
455 2273 662 2375 superiores,
691 2273 789 2375 quod
811 2275 953 2351 nullum
974 2275 1021 2352 ab
1037 2272 1157 2376 infidi·
1207 2259 1212 2268 ⁶

140 2393 539 2496 'entibus-inprudentes
554 2403 763 2496 acceperant
780 2395 1045 2494 detrimentum.
1079 2397 1156 2471 Ac·

156 2516 290 2592 cedunt
305 2515 452 2616 propius
470 2516 609 2593 interim
623 2517 807 2618 legiones:
826 2517 1010 2616 crebrique
1026 2515 1157 2591 eodem

157 2653 321 2735 tempore
337 2639 373 2712 δι
389 2637 528 2728 nostris,
557 2641 598 2713 bc
610 2631 770 2712 hostibus
795 2635 915 2713 nuncii
931 2633 1156 2730 adferuntur,

112 2841 116 2849 ,
148 2754 407 2856 vimperatorem
423 2756 594 2834 innueris
611 2754 722 2858 copiis
738 2757 866 2834 adeffe.
916 2759 1000 2858 Qra
1015 2781 1052 2834 re
1069 2781 1157 2858 oog·

157 2875 245 2966 nita,
274 2875 435 2972 praesrdio
461 2877 662 2952 cohortium
686 2879 809 2953 conlisi
837 2877 959 2969 nostri,
987 2867 1157 2954 acerrime

158 2993 391 3097 proeliantur:
419 3019 477 3086 ne,
503 2995 976 3100 fitardiusremgeffiffent,
998 2996 1157 3070 vietoriae
1227 2979 1231 2984 ’

158 3113 312 3215 gloriam
330 3114 605 3190 communicaile
621 3139 707 3190 cum
723 3115 924 3216 legionibus
943 3115 1158 3191 viderentur.
1148 3168 1167 3192 ..

158 3231 293 3312 Hostes
308 3231 503 3308 concidunt
527 3233 678 3322 animis3
705 3254 810 3334 atque
823 3235 1001 3311 itineribus
1018 3234 1157 3310 diversis

158 3352 285 3454 fugans
307 3373 482 3453 quaenrnt.
524 3347 809 3454 Nequidquam.
840 3379 925 3443 nam
942 3353 1072 3470 quibus
1089 3351 1157 3428 dif-

159 3471 380 3550 ficultatibus
397 3475 558 3550 locorum
576 3477 763 3552 Romanos
780 3475 943 3565 claudere
959 3477 1156 3571 voluerant,

160 3592 202 3668 ils
217 3592 282 3692 ipsr
295 3594 518 3701 tenebantur.
555 3595 652 3672 viui
665 3615 799 3688 tamen,
825 3595 1059 3696 perculsique,
1082 3623 1157 3674 ma·

155 3710 235 3814 jore
250 3732 349 3816 parte
363 3714 500 3810 ansilla,
519 3740 594 3817 quo
608 3713 679 3792 fors
691 3720 831 3814 tulerat,
849 3715 1060 3796 consternati
1073 3743 1157 3818 pro-
