2932 4750
396 376 446 425 nu
471 325 602 426 Ennio
625 333 814 425 Gnitrco
838 346 930 422 Lm.
949 347 976 418 1.
1135 370 1178 444 33

199 529 228 568 “
244 523 397 598 Romani
413 521 651 619 defenderet)
676 523 710 598 se
725 521 927 600 AEduomm
945 515 1086 618 injurias
1106 540 1181 590 non

200 650 226 688 “
242 645 523 744 neglecturum?
1229 638 1233 648 ’
1268 725 1270 734 Α

242 766 416 842 XXXVI.
442 765 503 840 Ad
527 766 604 841 hac
621 763 821 841 Ariovistus
839 759 1039 861 respondit:
1066 763 1095 803 “
1113 759 1179 857 Jus

194 888 223 927 “
240 885 308 958 effe
334 884 438 977 belli,
459 905 512 977 ut,
531 886 593 984 qui
610 885 781 975 viciffent,
811 883 868 976 iis,
897 908 984 982 quos
1005 878 1177 972 viciffent,

195 1007 545 1104 “quemadmodum
573 1007 719 1094 vellent,
744 1004 974 1102 imperarent:
1005 1000 1090 1077 item
1113 1026 1177 1101 po··

197 1126 370 1223 “pulum
397 1129 607 1204 Romanum
629 1124 731 1198 victis
759 1149 831 1197 non
858 1107 903 1198 ad
931 1120 1069 1198 alterius
1089 1147 1177 1220 prae-

193 1249 222 1323 “,
238 1243 422 1342 scripturn,
464 1245 524 1320 sed
543 1315 548 1324 ,
565 1245 610 1319 ad
641 1242 741 1319 suurn
784 1241 965 1320 arbitrium
1006 1242 1178 1340 imperare

194 1371 222 1408 “
243 1363 426 1444 consuesse.
475 1364 510 1442 si
539 1364 609 1464 ipse
639 1365 772 1464 populo
798 1367 965 1440 Romano
994 1387 1066 1438 non
1092 1385 1179 1460 pra·

193 1490 223 1558 f‘
240 1482 412 1575 scriberet,
437 1488 759 1584 quemadmodum
797 1484 858 1576 suo
885 1482 965 1582 jure
998 1501 1177 1571 uteretur3

194 1609 222 1647 “
239 1629 311 1677 non
329 1625 489 1702 oportere
516 1604 583 1682 sese
598 1633 619 1681 a
635 1609 769 1706 populo
785 1589 952 1683 Romano
969 1603 1007 1678 in
1023 1601 1084 1679 suo
1097 1601 1178 1703 jure

194 1728 221 1767 “
238 1722 400 1822 inpediri.
448 1726 587 1805 AEduos
605 1727 681 1818 fibi,
710 1727 878 1828 quoniam
895 1726 977 1803 belli
998 1728 1177 1801 fortunam
1235 1777 1237 1787 ·

194 1850 221 1887 “
237 1847 431 1947 tentaffent,
451 1846 606 1923 &armis
627 1851 816 1946 congreffi,
829 1871 870 1920 ac
886 1844 1033 1944 superati
1056 1843 1176 1934 effent,

194 1963 481 2063 “stipendiarios
497 1963 564 2044 effe
579 1965 701 2048 fanos.
742 1969 920 2064 Magnam
936 1963 1107 2038 Caesarern
1124 1961 1177 2036 in·

194 2093 221 2130 “
232 2084 365 2185 juriam
393 2085 521 2175 facero,
551 2086 615 2183 qui
640 2083 701 2164 suo
727 2086 882 2162 adventu
905 2080 1090 2182 veetigalia
1116 2081 1177 2157 fibi

81 2193 84 2201 ⁴
192 2212 220 2249 “
240 2204 415 2283 deteriora
430 2203 570 2278 faceret.
612 2205 740 2281 AEduis
753 2203 789 2280 se
806 2205 940 2280 obfides
955 2204 1178 2278 redditurum

192 2332 221 2374 “
237 2351 313 2406 non
329 2322 419 2410 esse;
446 2349 562 2430 neque
578 2324 632 2415 iis,
648 2350 772 2424 neque
788 2349 911 2400 eorum
938 2323 1035 2400 sociis
1051 2321 1176 2421 injuria

192 2453 219 2492 “
237 2445 373 2520 bellum
391 2444 594 2536 inlaturum,
613 2448 636 2520 ti
652 2445 689 2524 in
707 2470 750 2520 eo
763 2464 957 2536 manerent,
975 2449 1072 2544 quod
1089 2471 1174 2522 con·

194 2573 221 2610 “
238 2562 395 2656 veniffut,
425 2564 709 2664 stipendiumque
739 2565 926 2664 quotannis
957 2565 1174 2664 penderentr

194 2693 220 2732 “
237 2685 272 2763 si
287 2685 324 2764 id
348 2711 423 2766 non
446 2683 614 2777 fecissent,
640 2687 747 2785 longe
764 2686 805 2761 iis
830 2685 1020 2762 fraternum
1041 2711 1174 2764 nomen

193 2815 221 2853 “
238 2807 361 2907 populi
375 2880 379 2886 ,
394 2806 550 2886 Romani
583 2805 774 2884 afuturum.
829 2808 939 2906 Qod
967 2808 1028 2887 fibi
1058 2809 1174 2884 Caesar

194 2934 221 2971 “
238 2925 478 3019 denunciaret,
504 2925 538 3002 se
555 2927 756 3010 AEduorum
781 2925 921 3027 injurias
937 2953 1008 3004 non
1032 2907 1194 3025 neglec-³

194 3053 222 3092 “
239 3066 382 3135 turum3
406 3046 585 3130 neminem
608 3045 725 3126 secum
742 3051 811 3144 fine
827 3045 886 3123 sua
909 3047 1064 3147 pernicie
1087 3071 1173 3122 con·

193 3175 221 3212 “
238 3166 393 3247 tendisse.
431 3170 566 3264 ¹Qum
596 3168 714 3259 vellet,
746 3169 1037 3266 congrederetur:
1072 3165 1173 3240 intel·

193 3293 222 3333 “
238 3287 425 3378 ledarum,
449 3285 535 3385 quid
561 3284 684 3362 invicti
701 3285 880 3378 Germani,
892 3347 894 3350 .
906 3281 1172 3364 exercitatissimi

196 3409 277 3484 “in
302 3407 422 3499 armis,
440 3393 617 3507 'quiinter
628 3431 738 3482 annos
762 3431 831 3484 xxv
848 3407 980 3484 tenum
997 3431 1068 3482 non
1094 3407 1172 3487 sub·

193 3535 220 3580 '⁸
238 3528 354 3624 iffcut,
377 3527 505 3604 virtute
521 3525 689 3627 ponente?
764 3587 774 3595 »-
