2932 4750
262 379 308 478 36
503 375 546 452 C.
583 379 726 473 Jurrr
762 375 993 452 Caesaris

260 573 321 628 aut
332 551 435 628 suum'
449 551 560 628 fatum
578 556 826 654 querebantur,
843 573 903 632 aut
918 563 1001 633 cum
1016 551 1251 630 familiaribus

260 671 326 746 suis
358 695 548 748 commune
583 674 777 772 periculum
815 672 1092 770 miserabantur:
1121 675 1248 772 Volgo

259 792 339 866 totis
368 793 495 876 castris
527 796 728 872 testamenta
765 797 1047 895 obfignabantur.
1096 796 1247 872 Horum
1353 895 1356 903 ,

258 913 418 1004 vocibus,
447 940 487 988 ac
504 915 631 990 timore
649 917 830 1014 paullatim
853 916 959 990 etiam
984 915 1022 1007 ii,
1051 914 1112 1014 qui
1139 939 1246 1014 mag·
1291 967 1294 976 s

176 1017 181 1040 ¹
259 1061 345 1110 num
374 1035 545 1110 incastris
563 1037 663 1112 usum
685 1040 872 1129 habebant,
896 1037 1036 1126 milites,
1065 1032 1247 1110 centurio·

253 1141 399 1260 nesque,
418 1155 551 1254 quique
567 1158 722 1256 equitatu
740 1180 922 1256 praetant,
943 1156 1247 1254 perturbabantur.

258 1277 331 1376 Qri
357 1275 391 1350 se
407 1301 452 1350 ex
478 1276 530 1350 his
547 1277 664 1352 minus
681 1278 823 1352 timidos
848 1276 1034 1352 existimari
1056 1276 1245 1366 volebant,
1313 1337 1315 1344 ,

258 1423 331 1472 non
356 1397 390 1480 se
409 1396 551 1474 hostem
578 1397 703 1487 veteri,
737 1397 797 1472 sed
825 1397 1000 1496 angustias
1018 1395 1169 1485 itineris,
1187 1399 1245 1474 ,bc

259 1516 538 1619 magnitudinem
567 1519 744 1607 silvarum,
771 1543 849 1615 quae
878 1516 1128 1594 intercederent
1152 1516 1251 1591 inter

252 1636 362 1738 ipsos,
392 1657 496 1734 atque
520 1636 754 1726 Ariovistum,
779 1655 839 1710 aut
864 1633 1246 1726 remfrumentariam,

258 1776 297 1832 ut
321 1756 399 1832 satis
417 1757 605 1830 commode
632 1744 825 1854 subportari
851 1753 973 1853 pollet,
1003 1754 1134 1834 timete
1147 1752 1246 1832 dice·

258 1879 354 1952 bant.
396 1877 570 1952 Nonnulli
586 1876 691 1958 etiam
703 1874 828 1952 Casari
844 1874 1108 1965 renunciabant,
1127 1898 1247 1971 quum

257 1997 364 2072 castra
391 1994 540 2088 moveri,
569 2023 610 2072 ac
639 1999 733 2098 figna
765 1995 846 2072 fetri
871 1994 1025 2096 juffilset,
1061 2011 1133 2069 non
1165 1992 1246 2069 fore

257 2118 354 2192 dicio
382 2116 560 2193 audientes
587 2117 730 2211 milites,
765 2141 880 2217 neque
909 2134 1052 2214 propter
1079 2115 1246 2196 timorem

258 2241 354 2337 signa
375 2239 513 2314 laturos.

298 2360 381 2432 XL.
400 2357 493 2430 Haec
504 2383 615 2453 quum
627 2357 933 2448 animadvertiffet,
946 2376 1143 2432 convocato
1155 2383 1244 2434 con-

259 2477 347 2568 filio,
361 2475 594 2574 omniumque
605 2475 769 2552 ordinum
778 2477 824 2552 ad
833 2459 872 2550 id
884 2476 1066 2562 confilium
1076 2475 1245 2554 adhibitis

257 2595 529 2687 centurionibus,
559 2599 783 2676 vehementer
808 2622 868 2672 eos
894 2595 1085 2675 incusavit:
1118 2602 1146 2639 “
1163 2597 1243 2670 Pri·

260 2724 288 2760 “
308 2741 422 2806 mum,
440 2717 538 2816 quod
554 2735 614 2790 aut
630 2742 738 2816 quam
758 2715 796 2790 in
815 2737 962 2814 partem,
987 2737 1047 2794 aut
1065 2742 1137 2816 quo
1152 2741 1241 2792 con·
1322 2765 1325 2772 ·

259 2836 378 2910 “filio
406 2838 630 2928 ducerentur,
660 2835 722 2911 srbi
740 2837 967 2935 quarendum
995 2857 1056 2912 aut
1078 2836 1242 2936 cogitati·
1307 2935 1310 2942 Ι

259 2960 392 3047 “dum
417 2976 589 3056 putarent.
641 2956 869 3047 Ariovistum,
897 2955 931 3031 se
955 2955 1109 3048 consule,
1139 2959 1241 3057 cupi-

260 3087 287 3123 “
305 3079 438 3153 disfime
451 3078 571 3176 populi
589 3078 744 3160 Rotnani
760 3077 949 3154 amicitiam
967 3077 1142 3177 adpetisse.
1167 3081 1245 3159 Cur

260 3207 287 3250 “
305 3202 399 3274 hunc
416 3218 488 3272 tam
504 3217 635 3273 temere
660 3197 844 3298 quisquam
866 3201 913 3274 ab
936 3199 1054 3288 officio
1081 3199 1242 3276 discessu·
1337 3261 1342 3276 .

260 3327 288 3364 ‘⁶
307 3345 385 3394 rum
395 3317 598 3416 judicaret?
625 3317 698 3395 Sibi
709 3402 711 3410 s
724 3320 867 3418 quidem
884 3318 1088 3419 persuaderi,
1117 3318 1241 3418 cogni-

259 3439 347 3512 “tis
374 3437 441 3514 suis
466 3439 660 3537 postulatis,
686 3460 792 3540 atque
808 3439 971 3539 aequitate
994 3439 1241 3526 conditionum

259 3566 287 3603 “
296 3555 494 3656 perspecta,
522 3584 604 3634 cum
620 3583 736 3658 neque
751 3559 861 3652 luam,
878 3585 1000 3659 ¹neque
1014 3557 1147 3659 ‚populi
1161 3559 1239 3632 Ro·
1288 3654 1292 3668 ἢ

260 3689 288 3734 “
304 3677 401 3760 rnani
430 3679 576 3777 gratiam
600 3679 876 3780 repudiaturum.
925 3681 1034 3780 Qrad
1068 3679 1091 3766 fi
1123 3674 1240 3755 furore
