2866 4754
367 429 418 480 on
443 402 572 480 Beato
597 403 785 479 Ganarco
810 403 982 482 LtuIV.
1098 423 1162 505 117

179 568 356 652 statuebat.
405 579 533 677 Itaque
556 577 614 650 etsi
632 565 776 650 'summit
801 573 987 650 difficultas
1010 571 1167 649 faciundi

179 695 307 796 pontis,
317 702 591 798 proponebatur,
627 717 768 799 propter
797 695 1034 788 latitudinem,
1074 697 1165 794 rapi-

176 813 339 910 ditatem,
359 819 658 920 {altitudinemque
683 817 858 906 fluminis;
884 838 1004 894 tamen
1038 814 1076 890 id
1103 816 1166 892 fibi

176 940 477 1040 contendendum,
518 962 580 1016 aut
615 943 716 1015 aliter
756 965 828 1013 non
870 938 1173 1014 transducendum

174 1059 366 1136 exercitum
394 1061 827 1154 existimabat.Ratione‘m
852 1059 967 1156 pontis
990 1059 1082 1134 hanc
1109 1059 1162 1132 in'·
1277 1157 1281 1164 .

174 1176 298 1252 stituit.
349 1180 518 1280 “Tigna
543 1181 627 1255 bina
652 1177 912 1278 sesquipedalia,
935 1179 1095 1276 paullum
1120 1183 1166 1256 ab

177 1305 206 1340 “
226 1299 302 1374 imo
322 1302 528 1398 praeacuta,
569 1300 724 1375 dimensa
764 1301 809 1373 ad
843 1298 1066 1374 altitudinem
1101 1302 1167 1373 flu-

177 1426 208 1463 “
227 1418 346 1512 minis,
375 1419 557 1514 intervallo
583 1423 719 1520 pedum
744 1401 896 1496 duoruin
918 1419 1008 1494 inter
1030 1417 1064 1496 se
1081 1418 1165 1518 jun*

155 1546 207 1634 ,“
225 1541 342 1640 gebat.
402 1543 496 1619 Haec
533 1569 645 1642 quum
678 1541 996 1618 machinationibus
1028 1539 1167 1618 inmiffa
1212 1595 1217 1600 -

177 1660 265 1734 “in
292 1665 426 1744 flumen
452 1665 636 1756 defixerat,
663 1664 862 1764 fistucisque
883 1663 1061 1764 adegerat,
1091 1689 1165 1738 non

177 1789 208 1827 “
223 1782 364 1860 sublicae
397 1787 507 1860 modo
533 1787 673 1860 detesto
704 1776 757 1858 ad'
772 1784 1081 1882 perpendiculum,
1105 1784 1167 1860 sed

179 1911 208 1948 “
226 1931 350 2003 prona,
380 1930 421 1981 ac
445 1904 619 2005 fastigata,
649 1924 688 1979 ut
709 1904 904 1996 secundum
922 1923 1086 1978 naturam
1100 1908 1168 1979 flu·

67 2095 69 2102 ι
180 2025 330 2101 “minis
361 2028 656 2126 procumberent;
683 2025 724 2099 iis
752 2022 836 2098 item
863 2022 1045 2097 contraria.
1064 2049 1098 2098 rr
1122 2025 1169 2099 ad

179 2153 208 2190 “
226 2147 395 2223 eumdem
413 2147 563 2224 modum
574 2145 708 2242 junsia,
729 2137 913 2221 intervallo
925 2145 1063 2243 pedum
1081 2169 1168 2244 qua·

177 2273 208 2310 “
225 2267 426 2364 dragenum
445 2267 491 2340 ab
513 2251 672 2341 inferiore
699 2286 797 2364 parte
820 2284 942 2340 contra
959 2265 1033 2340 vim
1060 2288 1167 2367 atque

178 2393 208 2432 “
226 2385 388 2485 inpetum
404 2387 558 2462 fluminis
575 2385 740 2462 conversa
756 2387 950 2463 statuebata
977 2389 1054 2462 haec
1075 2407 1167 2465 utra·
1203 2385 1220 2404 ‘¹

180 2515 209 2554 “
228 2533 302 2608 que
317 2505 454 2608 insuper
470 2508 689 2608 bipedalibus
702 2509 858 2584 trabibus
875 2508 1039 2598 inmissis,
1054 2533 1168 2607 quan-

175 2635 209 2722 ,“
227 2649 305 2704 tum
334 2653 456 2730 eorum
485 2629 665 2730 tignorum
686 2629 856 2729 junsiura
879 2629 1044 2720 distabat,
1077 2629 1168 2706 binis

184 2757 211 2794 “
227 2750 406 2849 utrimque
419 2751 538 2824 fibulis
553 2753 600 2826 ab
616 2773 772 2828 extrema
787 2771 884 2852 parte
896 2751 1166 2827 distinebantur:

184 2877 212 2914 “
229 2872 360 2971 quibus
390 2870 556 2964 disclusis,
589 2893 696 2972 atque
726 2872 764 2945 in
794 2871 1004 2947 contrariam
1032 2896 1168 2971 partem

185 2998 213 3036 “
228 2991 406 3085 revindis,
434 3011 532 3069 tanta
548 3011 621 3082 erat
641 2990 759 3091 operis
784 2973 981 3082 firmitudo,
1004 3012 1111 3091 atque
1128 3015 1179 3065 ea
1239 3089 1243 3096 ,

184 3116 211 3154 “
228 3139 348 3188 rerum
364 3134 501 3204 natura,
524 3135 577 3206 ut,
605 3139 678 3210 quo
708 3110 818 3210 major
834 3112 888 3186 vis
904 3137 1005 3210 aquae
1024 3111 1063 3186 'se
1081 3111 1169 3186 inci·
1277 3141 1279 3145 ’
1304 3155 1308 3162 -

182 3239 211 3276 “
228 3233 377 3324 auisset,
410 3234 478 3307 hoc
498 3232 610 3307 artius
639 3231 782 3331 inligata
811 3251 1024 3305 tenerentur.
1075 3233 1170 3308 Haec

184 3359 212 3398 “
229 3355 369 3429 derecta
393 3353 541 3432 materie
559 3351 685 3454 injeda
710 3339 1001 3444 conterrebantur,
1032 3348 1167 3427 &ton-

184 3480 212 3519 “
230 3475 354 3574 godis,
378 3474 597 3576 cratibusque
625 3475 957 3550 consternebantur:
994 3493 1035 3550 ac
1060 3476 1170 3551 nihilo

185 3603 212 3640 “
228 3595 338 3672 secius
352 3594 506 3690 sublicae,
529 3603 563 3674 δι
580 3600 625 3673 ad
643 3591 847 3673 inferiorem
862 3617 998 3698 partem
1017 3597 1171 3674 fluminis

185 3717 377 3819 “oblique
399 3723 608 3821 agebantur,
636 3745 731 3819 quae,
758 3747 822 3819 pro
849 3719 979 3819 pariete
995 3719 1169 3820 subjcslae,

651 3842 713 3938 13
