2912 4750
612 379 771 457 (35¹)

71 691 76 699 ⁸
188 592 426 707 'JosepbiJuj'li
448 609 605 704 Scaligeri
630 587 704 700 'Jut
733 609 812 681 Caes.
833 609 898 682 Fil.
917 608 1045 682 Noriria
1061 609 1191 702 Gallt'ae.

90 707 107 732 '
236 710 317 780 Item
329 709 461 806 ejusdcm
480 707 573 778 Notae
584 707 687 804 super
705 727 748 802 ap
771 709 965 780 ellationibus
980 715 1109 781 locorum
1127 711 1193 780 ali-

243 821 326 904 quot,
356 807 396 880 ὃ
412 805 560 877 Gentium
580 808 668 900 apud
683 805 735 877 Cae
748 829 863 894 crem..
899 805 1045 902 Vulgatis
1061 807 1193 902 castiga-
1239 863 1243 870 .

244 905 395 982 tiores&
409 908 563 975 astutiores
579 927 615 973 ex
629 901 692 996 ipso
709 905 864 998 Sralr'geri
878 904 1070 1001 autographo
1085 907 1190 976 edita.

242 1003 297 1074 Ex
312 1003 408 1096 suasca
434 1001 535 1072 Pauli
557 1000 737 1071 Terhaarii
753 1001 1019 1094 amstelodami.

278 1177 338 1234 Nte
356 1190 482 1251 tempora
498 1177 539 1231 Au
582 1173 624 1242 lli,
647 1173 695 1250 qui
721 1173 756 1230 de
774 1172 885 1250 imperii
903 1172 1023 1231 Romani
1040 1173 1195 1233 Provinciis

296 1252 472 1328 scripserunt,
491 1253 520 1312 in
534 1193 669 1309 <sibilans
690 1244 849 1308 Galliarum
863 1271 1003 1326 nunquam
1021 1252 1194 1327 provinciam

191 1328 479 1389 Narbonensemcon
500 1328 665 1395 rehenduut,
685 1347 746 1404 quas
758 1329 831 1402 intra
851 1329 947 1404 Alpes,
968 1327 1100 1403 Jurallum
1113 1347 1194 1385 mon·

196 1423 265 1475 tem,
291 1405 451 1472 Cebennas,
510 1405 597 1463 arnim
630 1405 756 1473 lluvium,
787 1405 972 1473 Garumnam,
1002 1404 1194 1480 Pyrenaeorum

195 1483 321 1552 initium,
351 1489 378 1540 lla
412 1503 485 1540 mare
512 1481 719 1542 Maffilioricum
745 1481 955 1540 continebatur.·
987 1483 1083 1559 ltaque
1107 1502 1194 1560 quum
1286 1513 1295 1522 -

196 1581 212 1620 a
230 1563 267 1620 ud
291 1561 353 1619 illos
373 1560 518 1638 scriptores
531 1560 689 1618 Galliarum
704 1560 808 1618 mentio
822 1559 957 1628 occurrit,
977 1562 1074 1636 excipe
1090 1559 1196 1638 semper

197 1583 416 1707 siarbonenlem,
439 1639 457 1696 st
473 1658 512 1696 res
527 1639 608 1716 gestae
622 1653 687 1696 ante
699 1637 845 1716 imperium
862 1639 906 1694 Au
948 1637 984 1696 lli
993 1651 1192 1697 memorantur.

196 1713 232 1774 Et
245 1714 357 1808 quidem
371 1737 440 1774 unus
453 1715 578 1773 omnium
601 1715 789 1774 Romanorum
807 1715 884 1773 C.C
920 1736 961 1784 ar,
982 1732 1012 1774 ut
1031 1715 1138 1773 Gallias
1150 1736 1196 1772 ar·

197 1794 437 1852 birnoarmorum
449 1792 571 1870 subegit,
594 1792 634 1848 ita
647 1794 730 1850 etiam
743 1792 792 1850 suo
805 1792 865 1850 illas
886 1793 978 1850 divisit
990 1819 997 1858 ;
1019 1795 1049 1849 in
1072 1791 1167 1871 Belgas
1179 1813 1197 1852 a

104 1895 110 1904 ·
200 1871 312 1938 Rheno,
325 1869 360 1926 ad
371 1869 540 1945 Sequanam:
556 1869 621 1925 hinc
633 1869 667 1924 ad
679 1871 864 1937 Garumnam,
876 1867 905 1925 in
916 1871 1024 1926 Celtas:
1047 1871 1121 1944 quod
1132 1871 1197 1928 reli·

196 1967 282 2026 quum
300 1947 348 2013 est,
369 1945 441 2002 intra
464 1946 650 2014 Garunmam,
674 1945 827 2020 Pyrenaeos,
850 1951 876 2002 δι
893 1964 966 2002 mare
986 1946 1143 2012 Oceanum,
1166 1947 1197 2004 in

198 2023 363 2101 Aquitanos.
404 2021 456 2079 Sed
482 2023 547 2080 haec.
566 2021 647 2080 tertia
661 2043 733 2100 pars,
754 2041 819 2079 cum
833 2024 964 2080 alterutra
983 2021 1105 2100 priorum
1120 2042 1197 2080 com-

217 2115 301 2168 arata,
321 2099 391 2157 adeo
413 2098 513 2178 exigua
532 2099 589 2156 visa
611 2099 659 2167 est,
683 2114 714 2157 ut
732 2099 787 2156 alia
807 2099 908 2157 divisio
923 2098 1089 2156 instituenda
1102 2097 1197 2159 suerit.

197 2121 294 2254 ltaque
316 2178 453 2254 Augustus
474 2196 528 2234 non
543 2175 629 2234 solum
643 2176 721 2234 illam
740 2171 904 2234 divisionem
927 2174 1081 2256 calligavit,
1101 2175 1146 2234 sed
1167 2178 1198 2236 in

165 2257 167 2260 ’
199 2273 271 2314 noua
292 2253 448 2312 Galliarum
462 2251 597 2311 divisione
619 2253 786 2312 instituenda
804 2253 886 2311 etiarn
913 2252 1089 2311 Provinciam
1121 2253 1198 2314 Nat-

199 2330 345 2392 bonensem
360 2331 519 2410 complexus
539 2333 594 2398 est;
615 2330 749 2408 quicquid
771 2331 844 2389 iutra
857 2331 953 2408 Alpes,
974 2349 1048 2388 mare
1061 2331 1221 2393 Medias..

200 2419 325 2478 rancum,
334 2414 360 2467 sc
373 2407 529 2476 Oceanum,
541 2414 567 2465 ει
581 2409 708 2466 Rhenum
722 2409 891 2477 continetur,
912 2429 966 2466 uno
979 2408 1136 2468 Galliarum
1149 2429 1198 2470 no-

200 2487 276 2545 mine
295 2505 358 2544 com
379 2485 542 2554 tehendens,
568 2492 594 2544 tc
607 2485 741 2563 quicquid
755 2485 829 2559 intra
842 2484 904 2542 illos
923 2487 988 2545 fines
1001 2486 1080 2543 situm
1096 2488 1145 2554 est,
1170 2489 1199 2546 in

201 2565 339 2622 decem&
360 2578 450 2642 eptem
465 2562 627 2622 Provincias
640 2561 755 2641 partitus
768 2565 816 2631 esl,
832 2562 971 2641 Belgicam
986 2563 1115 2640 primam,
1139 2565 1199 2623 Bel-

219 2641 291 2700 icam
308 2640 465 2710 secundam,
485 2639 666 2700 Germaniam
688 2639 817 2718 primam,
839 2640 1019 2700 Germaniam
1041 2639 1199 2714 secundam,
1244 2671 1247 2680 =

198 2661 394 2798 lugdunenses
426 2695 555 2796 quitum,
586 2717 741 2776 Maximam
768 2717 967 2795 Sequanorum,
999 2717 1200 2791 Viennensem,

199 2796 286 2873 Alpes
306 2795 409 2854 Graias
434 2801 460 2854 sc
482 2795 621 2866 Poeninas,
642 2798 728 2873 Alpes
746 2795 908 2865 maritimas,
939 2794 1056 2874 primam
1081 2796 1200 2873 Aquita·

200 2871 288 2940 niam,
317 2872 616 2949 Novempopulaniam.
654 2873 750 2930 Postea
771 2873 966 2933 Constantinus
984 2873 1107 2952 Magnus
1123 2874 1201 2933 inlli-

201 2948 269 3007 tutis
296 2962 413 3025 quatuor
430 2948 564 3026 ptaefeslis
583 2949 725 3025 ptaetorio‚
744 2950 854 3007 duobus
882 2951 912 3008 in
932 2951 1061 3018 Oriente,
1082 2951 1201 3010 totidem

99 3061 101 3064 ·
199 3026 230 3085 in
239 3025 406 3094 Occidente,
414 3027 530 3082 alterum
543 3024 708 3083 Occidentis
721 3025 750 3082 in
765 3026 833 3083 urbe
847 3026 948 3096 Roma,
960 3029 1076 3085 alterum
1089 3027 1120 3085 in
1133 3029 1202 3087 urbe

201 3103 364 3161 Treverenfi
382 3102 541 3172 collocavit,
555 3102 602 3180 qui
617 3101 763 3180 praeseslus
775 3102 904 3178 praetorio
917 3105 1074 3161 Galliarum
1088 3120 1201 3162 vocatus

201 3179 268 3241 suit.
295 3179 332 3237 Bt
344 3178 408 3256 quia
423 3199 472 3256 pet
485 3178 679 3258 occupationes
699 3178 812 3256 Imperii
826 3178 857 3236 in
872 3179 927 3238 illis
939 3180 1054 3237 urbibus
1070 3197 1202 3258 perpetuo

201 3258 305 3316 haerete
315 3257 372 3316 illis
380 3277 435 3315 non
443 3256 556 3326 licebat,
566 3256 663 3314 vicarii
675 3255 780 3333 aliquot
788 3256 828 3314 eis
836 3256 962 3315 attributi
972 3257 1097 3334 sunt,qui
1106 3257 1202 3316 eadem

202 3329 333 3412 potestate
341 3333 492 3412 provinciis
494 3335 542 3426 jus
551 3335 707 3394 redderent.
728 3332 1202 3412 PraesesloigiturpraetoriiGallia-¹

204 3431 267 3472 tum
278 3411 513 3472 tresvicatiidatt.
529 3412 703 3471 Primosedes
711 3412 776 3470 data
783 3409 924 3486 Treveris,
931 3411 1051 3470 secundo
1059 3411 1203 3490 Lugduni,

203 3489 305 3550 Tettio
315 3489 441 3549 Viennae.
482 3489 578 3568 Itaque
592 3505 622 3548 ut
632 3489 729 3549 horum
743 3488 912 3548 vicariorum
927 3507 1028 3568 magna
1040 3505 1099 3547 erat
1108 3491 1202 3549 austo-

205 3566 283 3637 titas,
303 3568 344 3626 ita
361 3567 472 3626 urbium
486 3586 607 3646 quoque,
630 3567 659 3626 iu
684 3568 783 3645 quibus
804 3566 895 3625 sedem
909 3566 1060 3634 habebant,
1084 3568 1204 3627 maxima

204 3644 338 3704 claritas'
368 3646 531 3704 Treverenli
544 3645 652 3704 vicario
662 3646 793 3724 parebant
806 3645 903 3723 primas
911 3650 937 3702 ἀ
946 3643 1072 3703 secundae
1084 3645 1204 3705 Germa·

205 3722 252 3780 nia
264 3729 291 3781 lc
304 3723 429 3802 Belgica,
447 3728 473 3781 sc
494 3737 553 3782 tota
577 3721 721 3782 Britannia
739 3722 835 3782 insula.
878 3721 1076 3814 Lugduttensa,¹
1087 3739 1205 3815 quatuor

204 3798 411 3879 Lugdunenses,
433 3821 498 3862 cunt
520 3800 640 3862 maxima
659 3803 858 3881 Sequanorum.
898 3801 1046 3864 Viennensi
1060 3821 1157 3880 ptsmae
1177 3805 1204 3858 se
