2866 4754
428 375 634 478 »atauo
658 402 847 474 Gnatrco
872 397 965 474 Ltn.
979 397 1044 472 111.
1179 425 1224 500 93

248 595 325 644 vere
340 595 411 644 non
430 571 575 669 poffent.
625 569 717 668 Qae
735 567 878 668 quidem
903 589 956 664 tes
980 563 1026 640 td
1042 563 1228 663 negotium

246 691 504 766 conficiendum
521 690 673 767 maxime
694 688 759 766 fuit
774 692 990 788 ‚obponuna
1038 686 1136 760 Nam
1160 687 1225 760 sm·

244 813 342 908 gulas
359 811 461 886 nostri
474 811 655 886 consectati
667 829 974 910 expugnaverunt,
992 826 1031 883 ut
1044 831 1226 906 perpaucae

244 956 289 1006 ex
316 932 414 1005 omni
440 957 603 1023 numero,
640 933 750 1008 nonis
778 933 987 1019 interventu,
1020 929 1066 1004 ad
1098 947 1226 1004 terram

243 1052 475 1148 pervenerint,
514 1079 628 1151 quum
663 1055 709 1126 ab
738 1054 824 1139 hora
851 1050 924 1126 fere
952 1075 1009 1141 tv,
1041 1047 1149 1149 usque
1180 1047 1234 1146 ad,

242 1170 331 1252 Solis
347 1171 522 1261 occasum,
550 1192 775 1271 pugnaretur.

250 1345 255 1356 ,
293 1293 395 1368 XVl‘.
420 1291 507 1387 Qo
524 1291 652 1388 proelio
665 1294 797 1368 bellum
807 1295 1037 1382 Venetorum,
1056 1289 1228 1389 totiusque

243 1435 316 1486 orae
336 1411 519 1488 maritimae
538 1412 737 1492 confectum
757 1413 818 1489 est.
867 1415 965 1490 Nam
984 1437 1094 1512 quum
1113 1409 1229 1484 omnia

236 1531 418 1629 juventus,
433 1559 558 1610 omnes
582 1535 685 1608 etiam
704 1534 867 1636 gravioris
892 1533 1016 1625 aetatis,
1041 1531 1079 1608 in
1101 1529 1229 1638 quibus

244 1652 376 1751 aliquid
393 1654 523 1732 consilii
536 1675 596 1730 aut
612 1656 792 1755 dignitatis
809 1655 889 1748 fuit,
908 1680 951 1730 eo
968 1671 1202 1732 convenerant
1212 1681 1225 1739 3

244 1795 334 1864 tum,
353 1776 496 1850 navium
514 1778 612 1874 quod
624 1777 757 1875 ubique
774 1777 899 1866 fuerat,
927 1775 963 1850 in
979 1802 1091 1850 unum
1108 1777 1227 1852 locum

244 1901 454 1993 coegerant:
482 1897 611 1994 quibus
635 1897 773 1987 amissis,
800 1895 924 1994 reliqui
946 1921 1074 1992 neque,
1098 1919 1170 1993 quo
1196 1891 1229 1968 se

246 2015 451 2114 reciperent,
474 2042 604 2116 neque,
631 2017 933 2114 quemadmodum
951 2014 1085 2112 oppida
1108 2011 1228 2086 defen·

243 2137 381 2225 derent,
402 2138 589 2210 habebant.
623 2139 749 2233 ‚Itaque
765 2133 812 2225 se,
828 2135 956 2233 suaque
971 2133 1091 2208 omnia
1106 2131 1230 2208 Caesari

243 2255 482 2332 dediderunt:
511 2255 547 2328 in
571 2281 660 2353 quos
687 2280 730 2328 eo
747 2254 886 2352 gravius
910 2252 1023 2328 Caesar
1047 2253 1228 2334 vindican-

241 2377 333 2456 dum
348 2374 479 2465 statuit,
506 2401 578 2474 quo
604 2374 805 2475 diligentius
826 2375 863 2448 in
886 2375 1063 2474 reliquum
1088 2397 1228 2474 tempus

243 2522 264 2570 a
292 2496 442 2571 barbaris
464 2494 522 2596 jus
551 2497 747 2595 legatorum
774 2494 1043 2574 conservaretur.
1091 2499 1226 2598 Itaque,

242 2617 341 2694 omni
350 2616 478 2706 ,senatu
493 2637 629 2710 necato,
647 2618 799 2717 reliquos
816 2616 879 2694 sub
895 2642 1024 2706 corona
1040 2617 1212 2692 vendidit.

292 2752 410 2826 XVII.
436 2753 535 2826 Dum
557 2753 632 2828 haec
649 2751 684 2828 in
699 2751 843 2840 Venetis,
860 2773 1040 2852 geruntur,
1059 2752 1225 2850 QTitu-

244 2869 313 2944 rius
335 2869 484 2946 Sabinus
500 2896 582 2948 cum
608 2871 650 2946 iis
667 2873 792 2970 copiis,
820 2899 906 2971 quas
932 2899 953 2946 a
973 2873 1106 2950 Caesare
1128 2897 1227 2948 aece-

244 3009 355 3088 perat,
385 2990 422 3064 in
441 2989 527 3069 fines
544 2993 757 3069 Unellorum
775 2993 945 3092 pervenit.
996 2993 1068 3068 Hit
1086 3011 1229 3091 praeerat

243 3108 443 3202 Viridovix,
480 3137 522 3186 ac
553 3110 726 3188 summam
766 3112 906 3209 imperii
938 3115 1079 3188 tenebat
1111 3136 1229 3186 earum

243 3231 405 3306 omnium
434 3230 631 3323 civitatum,
663 3257 743 3333 quae
773 3231 997 3319 defecerant3
1029 3229 1230 3329 exquibus

243 3351 449 3443 exereitum,
487 3351 702 3450 magnasque
730 3350 850 3448 copias
885 3349 1059 3451 codgerat.
1111 3356 1230 3450 Atque

244 3471 297 3546 his
314 3472 435 3571 paucis
450 3471 574 3548 diebus
587 3470 730 3548 Aulerci
743 3471 975 3562 Eburovices,
989 3471 1227 3572 Lexouiique,

244 3591 439 3676 senatusuo
455 3591 651 3685 interfetto,
679 3594 778 3692 quod
795 3595 952 3695 auetorec
969 3592 1050 3678 belli
1068 3596 1136 3670 eise
1162 3619 1227 3668 no-

245 3713 376 3806 lebant,
406 3733 525 3813 portas
553 3711 759 3808 clauserunt,
790 3711 894 3813 seque
919 3738 1003 3794 curn
1026 3713 1229 3796 Viridovice
1316 3795 1322 3804 ,
