2814 4754
139 343 143 352 ’
233 382 317 466 αςα,
524 339 570 441 ’0.
594 358 722 462 Juarr
747 359 960 474 Curatis

232 559 279 610 eo
294 534 440 612 evocati.
484 537 561 620 ¹His
584 557 656 613 erat
681 537 769 614 inter
795 534 832 614 se
852 537 899 614 de
923 533 1129 639 principatu
1147 551 1240 612 cort·

233 655 367 731 tentio:
395 661 430 732 tc
448 656 486 731 in
503 657 563 732 illa
582 658 854 760 magistratuum
880 659 1122 747 controversae
1147 660 1244 744 alter

234 797 301 876 pro
317 777 610 871 Convictolitane,
638 783 725 855 alter
749 803 812 882 pro
829 782 922 856 Coto
939 778 1087 856 summis
1104 778 1242 878 opibus

207 930 210 936 ·
236 919 488 996 pugnaverant.
539 903 598 976 Ex
620 900 663 976 iis
693 891 931 1000 Eporedorix,
955 895 1106 999 cognito
1131 899 1247 978 Lite.

236 1016 307 1092 vici
336 1017 492 1112 consilio,
524 1019 642 1096 media
656 1020 729 1098 fere
754 1023 858 1097 noete
885 1009 1028 1097 remed
1056 1019 1242 1096 Caesarem

232 1138 345 1214 d'efert
352 1169 363 1227 3
390 1162 476 1232 orat,
500 1146 529 1185 “
554 1167 600 1216 ne
618 1143 782 1241 patiatur,
800 1142 978 1218 civitatem
996 1142 1121 1240 pravis
1144 1142 1239 1216 ado·

179 1241 183 1256 ’
235 1258 486 1336 “'l'escentium
513 1263 661 1338 consrliis
685 1265 731 1338 ab
747 1263 901 1339 amicitia
923 1264 1046 1362 populi
1070 1260 1240 1370 Romani
1327 1280 1332 1298 “

175 1407 180 1414 ’
235 1387 265 1424 “
282 1381 459 1457 deficere:
485 1387 584 1482 quod
606 1382 762 1458 futurum
784 1386 978 1482 provideat,
997 1389 1021 1460 sr
1042 1381 1081 1458 se
1095 1403 1154 1458 tot
1172 1383 1240 1458 ho-

235 1501 420 1590 “minum
444 1502 542 1578 milia
568 1529 652 1578 curn
675 1504 832 1578 hostibus
855 1503 1122 1604 conjunxerint,
1143 1526 1241 1604 quo·

235 1629 263 1666 “
281 1647 360 1696 rum
376 1623 521 1697 salutem
543 1645 659 1721 neque
675 1622 867 1721 propinqui
883 1625 1090 1722 neglegere,
1110 1645 1241 1723 neque

234 1746 263 1786 “
280 1742 401 1818 civitas
418 1743 487 1817 levi
505 1761 688 1818 momento
706 1738 876 1838 aestimare
893 1741 1038 1844 posset.’'

282 1867 367 1940 XL.
392 1867 533 1965 Magna
549 1859 705 1938 adfectus
732 1859 963 1939 sollicitudine
980 1863 1076 1939 ¹hoc·
1094 1861 1239 1938 nuncio
1277 1942 1280 1950 ,

195 2053 197 2058 ,
234 1985 359 2078 Caesar,
378 1987 476 2086 quod
505 1985 639 2085 semper
657 1985 860 2062 AEduorum
886 1983 1018 2091 civitati
1045 1982 1237 2084 precipue

235 2105 434 2200 Indulserat,
450 2108 558 2182 nulla
581 2107 780 2206 interposrta
804 2105 1037 2196 dubitatione,
1070 2106 1236 2206 legiones

234 2226 414 2324 expeditas¹
433 2253 489 2318 ru,
508 2227 774 2326 equitatumque
790 2251 932 2304 omnem
946 2249 990 2300 ex
1007 2227 1129 2302 castris
1146 2228 1236 2302 edu·

233 2344 301 2419 eit:
330 2369 396 2418 nec
413 2343 479 2417 fuit
494 2345 642 2442 spatium
659 2347 718 2420 tali
741 2368 901 2446 tempore
917 2347 963 2422 ad
986 2350 1232 2425 contrahenda

232 2463 364 2552 castra3
391 2465 488 2562 quod
503 2489 554 2538 res
572 2466 732 2562 positain
751 2451 931 2542 celeritate¹
942 2467 1147 2544 videbatur.
1190 2469 1232 2543 C.

228 2575 385 2660 -Fabium
396 2586 553 2683 legatum
566 2593 649 2661 cum
666 2586 865 2684 legionibus
884 2613 917 2661 11
931 2585 1048 2662 castris
1063 2584 1231 2686 praefidio

139 2737 141 2742 ¹
198 2704 409 2806 ‘relinquit
459 2706 592 2778 Fratres
623 2703 791 2796 Litavici
830 2730 942 2803 quum
971 2709 1230 2806 comprehendi

226 2819 382 2920 juffiffet,
411 2825 531 2920 paullo
559 2844 639 2898 ante
665 2823 791 2922 reperit
815 2826 862 2900 ad
886 2823 1001 2900 host-es
1022 2825 1229 2928 profugisse.

233 2943 611 3038 Adhortatus'nrilites,
635 2953 663 2989 “
684 2970 729 3019 ne
745 2945 931 3021 necessario
947 2966 1112 3047 tempore
1126 2949 1227 3023 itine-

235 3066 326 3142 “ris
359 3068 476 3142 labore
511 3069 822 3166 permoveantur,'’
850 3067 1080 3167 cupidissimis
1108 3067 1225 3144 omni·

233 3192 314 3282 bus,
341 3192 536 3290 progressus
553 3189 650 3264 milia
667 3192 826 3288 passuum
845 3215 940 3281 xxv,
958 3215 1090 3290 agmen
1107 3190 1225 3266 AEdu·

233 3337 335 3387 orum
364 3309 593 3411 conspicatus,
628 3311 767 3385 inmisso
798 3309 970 3410 equitatu,
1003 3312 1070 3388 iter
1102 3323 1223 3386 eorum

205 3432 405 3524 ‘'moratu'r,
437 3453 543 3531 atque
570 3432 706 3530 inpedit
720 3434 735 3504 ε’
767 3430 1016 3530 interdicitque
1039 3429 1217 3514 omnibus,

232 3573 276 3622 ne
289 3575 505 3650 quemquam
520 3551 742 3634 interficiant.
793 3553 1087 3654 Eporedorigem,
1104 3551 1138 3622 dt
1154 3542 1216 3616 Vi-

233 3670 462 3764 ridomaru'tu,
497 3697 586 3770 quos
600 3670 674 3746 ..illi
702 3670 915 3748 interfectos
957 3670 1213 3756 existimabant,
