2932 4750
162 465 164 471 ,
251 418 299 495 54
493 393 988 490 eminemus
1089 361 1092 366 Ἴ

248 553 353 668 atque
368 568 435 662 his,
467 567 529 667 qui
546 569 590 642 ad
607 569 857 644 conducendos
872 565 1034 641 homines
1054 559 1235 638 facultates

195 733 197 738 ·
249 692 440 783 habebant,
469 693 580 791 vulgo
602 714 711 790 regna
725 692 1013 789 occupabantur3
1044 683 1105 785 qui
1119 682 1236 758 minus

228 810 349 886 'facile
367 837 444 887 eam
468 837 543 888 rem
569 811 605 886 in
631 810 782 910 imperio
803 810 923 886 nostro
946 807 1111 908 consequi
1135 825 1232 906 pote·

163 989 166 998 Δ
250 947 339 1008 rant.

298 1055 345 1128 ΙΙ.
369 1053 416 1128 Iis
433 1053 568 1128 nunciis
594 1053 784 1153 litterisque
798 1071 999 1128 commotus
1019 1049 1133 1126 Caesar
1148 1049 1236 1122 duas
1268 1153 1274 1167 x

250 1173 406 1274 legiones
424 1173 461 1248 in
491 1172 649 1248 citeriore
679 1173 794 1248 Gallia
820 1199 928 1248 novas
954 1171 1165 1269 conscripsrt,
1200 1171 1236 1242 δι

253 1295 340 1370 inita
356 1295 483 1386 aestate,
512 1294 550 1369 in
574 1293 774 1368 interiorem
791 1293 945 1370 Galliam
956 1293 1017 1394 qui
1031 1294 1236 1380 deduceret,

153 1468 155 1473 .
251 1415 468 1516 QPedium
494 1418 652 1514 legatum
674 1415 777 1488 misrt.
827 1413 919 1513 Ipse,
946 1441 1058 1512 quum
1076 1413 1235 1512 primurn

251 1537 372 1636 pabuli
402 1536 504 1634 copia
528 1538 595 1610 effe
618 1535 801 1632 inciperet,
827 1535 878 1608 nd
907 1533 1102 1608 exercitum
1128 1539 1237 1614 venit.

234 1661 323 1768 ⁸Det
346 1655 530 1756 negotium
551 1655 759 1747 Senonibus,
790 1653 997 1754 reliquisque
1024 1655 1147 1746 Gallis,
1175 1660 1238 1756 qui
1285 1699 1287 1711 ·

250 1775 392 1852 finitimi
407 1776 523 1876 Belgis
536 1797 647 1866 erant,
675 1776 725 1850 uti
749 1801 804 1867 ea,
822 1801 900 1874 quae
918 1777 1013 1873 apud
1029 1800 1088 1850 eos
1112 1803 1237 1876 geran-

250 1918 321 1990 tur,
348 1897 585 1998 cognolcant:
622 1897 727 1996 le'que
760 1895 891 1972 dehis
923 1899 1026 1971 rebus
1055 1897 1238 1976 certiorem
1300 1897 1307 1920 '

160 2057 165 2072 ·
251 2018 392 2096 faciant.
443 2020 499 2096 Hi
516 2019 713 2094 constanter
729 2043 852 2094 omnes
867 2018 1136 2112 nunciaverunt,
1165 2007 1245 2096 me-¹

252 2131 318 2222 rius
352 2139 447 2240 cogi,
486 2141 682 2216 exercitum
713 2141 750 2215 in
782 2142 906 2216 unum'
923 2140 1042 2215 locum
1075 2140 1240 2218 conduci.

252 2265 352 2336 Tum
369 2289 452 2336 vero
470 2263 720 2337 dubitandum·
735 2261 807 2336 bon
834 2261 1056 2352 existimavit,
1083 2260 1171 2359 quin
1194 2263 1241 2337 ad

252 2405 311 2458 eos
323 2382 507 2483 [nudie]
525 2383 805 2480 proficisceretur.
842 2387 899 2456 Re
915 2380 1139 2456 frumentaria
1155 2383 1250 2480 pro·'

253 2503 337 2594 visa,
365 2503 473 2578 castra
489 2523 621 2594 movet,
644 2500 835 2600 diebusque
851 2500 987 2576 circiter
1002 2526 1066 2574 xv.
1086 2503 1136 2605 *ad
1153 2505 1242 2578 fines

252 2627 441 2724 Belgarum
458 2623 626 2722 pervenit.
1100 2705 1102 2712 Ι

301 2747 367 2820 Ill.
395 2747 451 2817 Eo
464 2769 575 2841 quum
586 2745 633 2818 de
644 2741 837 2850 inprouiso,
855 2739 1067 2842 celeriusque
1078 2739 1241 2820 omnium

254 2864 422 2963 opinione
440 2862 597 2956 veniffet,
622 2863 745 2954 Remi,
770 2862 832 2962 qui
856 2862 1012 2962 proximi
1040 2863 1165 2938 Galliae
1193 2890 1249 2972 ex*

252 2985 371 3086 Belgis
396 2983 489 3079 sunt,
511 2987 557 3060 sd
583 3010 666 3061 eum
692 2986 824 3085 legatos
844 2984 978 3060 Iccium
1000 2990 1036 3062 u
1060 2988 1250 3063 Antebro··
1330 3081 1334 3096 Ι

255 3109 371 3208 gium,
399 3107 533 3206 primos
544 3106 707 3200 civitatis,
725 3104 912 3182 misemnt:
940 3107 1002 3207 qui
1017 3106 1186 3201 dicerent,
1208 3107 1244 3194 se

253 3229 385 3330 suaque
411 3228 532 3304 omnia
556 3228 593 3302 in
616 3229 726 3303 fidem
753 3250 858 3330 atque
884 3228 1093 3330 potestatem
1121 3227 1243 3329 populi

255 3351 412 3443 Romani
430 3351 644 3450 permittere,
669 3377 785 3450 neque
806 3349 841 3426 se
864 3375 946 3426 cum
963 3351 1078 3451 Belgis
1099 3341 1242 3448 reliquis

255 3470 475 3560 consenliffe3
490 3496 606 3572 neque
619 3491 742 3546 contra
757 3470 930 3572 populum
943 3474 1147 3548 Romanum
1163 3493 1242 3543 orn·

255 3591 341 3667 n'ino
357 3591 571 3690 conjuraffe;
603 3590 806 3692 paratosque
820 3573 902 3685 effe,
932 3596 967 3668 tc
985 3593 1119 3668 obfides
1141 3591 1239 3683 dare,

257 3717 292 3790 bc
308 3711 476 3814 imperata
490 3713 620 3808 facere,
644 3712 830 3814 &oppidis
846 3713 1012 3826 recipere,
1035 3717 1071 3791 δι
1087 3710 1241 3790 frumen-

1303 3469 1310 3502 l
