2932 4750
248 384 292 469 72
426 362 995 459 ¹C-thrrrcms'nttrs'
1090 341 1094 351 ’

244 535 385 615 ferrent·
434 539 517 636 Qro
545 534 659 626 sacto,
695 561 805 634 quum
834 533 921 610 alius
949 533 1006 608 alii
1035 532 1223 612 subsidium

246 657 386 745 ferrent,
413 681 529 754 neque
551 655 725 746 timerent,
757 679 803 730 ne
826 656 933 730 averli
963 656 1008 730 ab
1030 655 1129 732 hoste
1156 655 1222 730 cir·

208 791 212 804 ‘
248 777 541 865 cumvenitentut,
568 775 732 868 audacius
747 775 908 863 resistere,
933 799 975 848 at
992 770 1113 848 fortius
1131 801 1223 874 pug-

247 917 328 970 nare
361 913 557 992 coeperunt.
605 875 751 971 Interim
775 892 901 969 milites
928 892 1108 994 legionum
1138 895 1224 970 due·

144 1107 150 1116 ¹
246 1039 339 1107 rum,
366 1041 446 1114 quae
475 1015 511 1088 in
537 1015 720 1092 novilstmo
744 1013 883 1113 agmine
905 1013 1061 1112 praestdio
1088 1012 1225 1120 inpedi-

245 1135 373 1209 mentis
400 1133 553 1225 suerent,
576 1131 701 1232 proelio
726 1130 904 1223 nunciato,
941 1131 1040 1208 cursu
1064 1131 1224 1224 incitato,

248 1255 283 1329 in
311 1254 449 1338 summo
477 1257 568 1332 colle
593 1257 638 1328 ab
656 1254 818 1329 hostibus
842 1251 1162 1351 conspiciebantur:
1190 1258 1225 1334 δι

154 1459 157 1470 y
229 1363 295 1451 'T.
306 1375 499 1464 labienus,
531 1365 647 1448 castris
670 1372 823 1448 hostium
848 1372 991 1482 potitus,
1015 1375 1049 1445 δι
1077 1397 1122 1446 ex
1143 1373 1226 1448 loco

247 1495 432 1593 superiore,
463 1521 542 1592 quae
569 1517 622 1566 res
649 1489 687 1566 in
720 1490 844 1566 nostris
872 1490 990 1566 castris
1016 1511 1228 1590 gererentur,

248 1613 478 1712 conspicatus,
513 1611 688 1686 decimam
719 1610 895 1710 legionem
925 1608 1073 1685 subfidio
1106 1612 1228 1687 nostris

136 1747 138 1752 '
249 1734 350 1808 mistt.
400 1732 488 1830 Qri,
517 1755 628 1831 quum
645 1757 690 1806 ex
708 1729 866 1829 equitum
889 1735 924 1804 δι
949 1730 1113 1806 calonum
1128 1731 1226 1831 suga,

248 1877 321 1953 quo
349 1852 386 1926 in
413 1854 494 1926 loco
522 1876 575 1930 res
600 1853 696 1942 effer,
723 1871 923 1951 quantoque
950 1849 987 1930 in
1009 1850 1162 1949 pericul'o
1181 1856 1227 1934 1&

248 1972 371 2064 cestra,
397 1972 435 2048 &
453 1971 620 2071 legiones,
650 1973 894 2069 &Imperator
911 1970 1113 2065 versaretur,
1141 1997 1235 2072 cog·x

248 2091 432 2186 novissent,
467 2091 555 2170 nihil
582 2093 627 2174 ed
654 2090 865 2182 celeritatem
893 2090 954 2202 sibi
984 2090 1107 2196 reliqui
1136 2091 1227 2174 sece-

248 2235 339 2294 runt.

267 2327 271 2334 ’
298 2333 453 2406 XXVII.
479 2337 624 2408 Horum
648 2337 802 2411 adventu
819 2353 914 2409 tanta
937 2361 1052 2410 rerum
1068 2360 1227 2414 commu·

248 2450 332 2526 tatio
349 2449 439 2524 fasta
457 2453 520 2541 est,
536 2472 574 2525 ut
591 2451 709 2542 nostri,
732 2453 836 2527 etiam
854 2453 916 2552 qui
929 2454 1127 2529 volneribus
1143 2480 1228 2528 con·

249 2569 328 2646 festi
352 2569 626 2668 procubuissent,
650 2571 751 2645 scotis
778 2572 904 2663 innixi,
932 2571 1096 2669 proelium
1112 2574 1229 2658 redin-

249 2709 451 2789 tegrarent3
481 2711 558 2766 tum
585 2692 739 2782 calones,
776 2691 972 2789 perterritos
1001 2693 1115 2768 hostes
1141 2717 1228 2768 con·

248 2807 384 2908 spicati,
410 2811 517 2887 etiam
533 2809 680 2885 inermes
698 2809 837 2886 armatis
859 2833 1101 2902 occurrerenr;
1129 2814 1228 2913 equi·

248 2947 299 3004 tes
327 2954 425 3022 uero,
455 2949 493 3004 ut
519 2929 771 3029 turpitudinem
798 2930 891 3034 sugae
909 2931 1039 3007 virtute
1061 2935 1229 3028 delerent,

249 3049 414 3130 omnibus
438 3049 488 3133 im
502 3049 589 3129 locis
612 3077 740 3151 pugna
774 3050 808 3128 se
836 3051 1030 3152 legionariis
1064 3053 1249 3158 militibus0

250 3165 457 3268 preferrent.
506 3174 558 3252 At
583 3171 711 3263 hostes,
738 3172 844 3256 etiam
862 3172 898 3246 in
914 3192 1071 3250 extrema
1095 3174 1152 3274 spe
1178 3176 1229 3252 sa·

250 3289 345 3380 lutis,
369 3308 502 3371 tantam
515 3290 680 3367 virtutem
697 3292 938 3392 prestiterunt,
957 3313 1011 3385 ut,
1028 3319 1140 3392 quum
1157 3295 1227 3396 pri·

251 3409 301 3490 mi
316 3429 438 3504 eorum
464 3411 676 3504 ceciditrent,
706 3413 858 3512 proximi
880 3412 1075 3514 jacentibus
1100 3413 1229 3489 insiste·

168 3575 175 3588 ·
249 3546 339 3618 rent,
366 3549 473 3628 atque
487 3556 532 3606 ex
559 3555 684 3606 eorum
701 3533 901 3632 corporibus
929 3552 1143 3636 pugnarent:
1175 3532 1229 3608 his

248 3644 402 3752 dejesliS‚
431 3653 477 3728 ’δι
506 3650 715 3732 coacervatis
747 3653 984 3748 cadaveribus,
1021 3655 1083 3754 qui
1114 3650 1227 3754 super·
