2866 4754
393 379 466 468 *nt
488 389 623 468 Bucco
645 385 836 468 Gnttteo
861 389 955 468 Lrn.
970 391 1017 468 V.
1139 419 1205 496 143

221 565 257 644 di
272 567 515 668 prohibebant.
558 574 610 646 At
624 568 751 646 milites
767 568 914 669 legionis
929 593 1007 658 vu,
1033 563 1209 642 testudine

218 687 319 782 nun
356 695 392 766 δι
411 711 549 792 'aggere
578 692 625 766 ad
654 689 869 766 munitiones
900 685 1050 789 adjctto,
1086 689 1210 765 locum

217 833 399 911 ceperunt,
425 813 553 912 eosque
568 839 615 888 ex
630 811 720 888 filvis
735 813 961 910 expulerunt,
986 807 1106 908 paucis
1127 811 1209 886 vul·

218 933 358 1008 neribus
375 934 538 1032 acceptis.
588 934 657 1008 Sed
674 956 734 1006 eos
749 931 924 1030 fugientes
941 931 1080 1030 longius
1093 929 1214 1007 Caestt

218 1050 378 1153 prosequi
394 1054 521 1146 vetuit,
552 1057 587 1128 u
613 1053 711 1151 quod
733 1051 802 1126 loci
826 1072 984 1126 naturam
1006 1052 1208 1151 ignorabat,

217 1174 253 1247 bt
281 1174 396 1273 quod,
425 1199 557 1272 magna
582 1191 680 1270 purte
706 1170 777 1247 diei
803 1169 996 1263 consumta,
1020 1169 1209 1248 munitioni
1353 1163 1357 1170 ’

97 1301 104 1320 ’
219 1295 413 1372 castrorum
430 1312 570 1392 tempus
588 1283 737 1391 relinqui
754 1294 907 1367 volebat.

266 1417 320 1488 ·X.
346 1412 517 1490 Postridie
532 1411 603 1512 ejus
629 1413 712 1504 diei,
738 1417 855 1504 mane,
883 1408 1057 1512 tripartito
1080 1411 1210 1490 milites

221 1533 425 1634 equitesque
440 1533 476 1608 in
493 1532 755 1633 expeditionem
773 1532 876 1626 mifit,
902 1553 943 1608 ut
966 1558 1041 1626 eos,
1066 1531 1129 1633 qui
1153 1531 1210 1610 su·

219 1677 354 1756 gerant,
389 1649 685 1765 persequeqentur.
734 1655 807 1730 His
831 1653 1049 1754 aliquantum
1075 1654 1210 1732 itineris

218 1777 414 1878 progressis,
428 1757 642 1875 *quumjsm
658 1774 810 1851 extremi
828 1776 941 1852 essent·
951 1777 988 1870 in
1005 1775 1207 1878 prospectu,

217 1898 350 1998 equites
365 1897 568 1996 a'QAtrio
585 1899 631 1970 ad
642 1895 814 1970 Caesarem
828 1916 1014 1987 venerunt,
1038 1897 1102 1994 qui
1116 1924 1207 1972 nun·

217 2019 360 2112 cierent,
377 2017 552 2117 superiore
565 2017 671 2091 noste
683 2015 840 2090 maxima
852 2035 972 2090 coorta
983 2001 1217 2112 tempestate,

218 2161 328 2240 prope
339 2163 467 2214 omnes
481 2137 588 2212 na'ves
603 2136 773 2227 adflistas,
790 2155 897 2234 atquc
913 2135 949 2208 in
966 2135 1068 2210 litore
1083 2131 1208 2234 ejectas

221 2261 313 2347 effc3
341 2259 440 2357 quod
457 2283 573 2358 neque
588 2255 765 2347 anchorae,
795 2253 961 2356 funesque
976 2254 1209 2354 subfisterent,

219 2403 336 2479 neque
352 2378 480 2470 nautae,
507 2375 820 2479 gubernatoresque
835 2376 910 2453 vim
926 2377 997 2478 pati
1019 2377 1208 2478 'tempesta-

218 2501 262 2577 tis
278 2501 424 2600 poffent.
472 2501 595 2600 ltaque
611 2523 716 2574 exeo
738 2498 909 2574 concursu
931 2497 1077 2576 navium
1103 2523 1206 2601 mag·

219 2647 306 2698 num
322 2623 389 2696 effe
405 2619 676 2696 incommodum
692 2640 891 2722 acceptum.

266 2743 333 2817 XI.
359 2741 430 2817 His
447 2743 551 2818 rebus
577 2741 745 2844 cognitis,
770 2741 883 2818 Caesar
899 2739 1080 2843 legiones,
1105 2742 1206 2842 equi·

218 2874 402 2961 tutumque
430 2863 601 2954 revocari,
625 2884 733 2961 atque
755 2863 877 2939 itinere
904 2864 1059 2940 desistere
1076 2860 1203 2963 jubet:

203 2982 291 3084 ipse
317 2985 363 3058 nd
390 3009 497 3058 naves
525 2983 732 3058 revertitur:
771 2987 898 3060 eedem
929 2983 1014 3075 fere,
1050 3007 1132 3082 quae
1160 3000 1207 3056 ex

217 3103 355 3179 nunciis
370 3102 556 3203 litterisque
573 3123 809 3204 cognoverat,
829 3129 947 3180 eorem
960 3101 1134 3203 perspicit,
1160 3102 1207 3177 fic
1247 3201 1250 3207 Ι

65 3288 73 3312 ,
213 3244 272 3316 ut,
297 3223 425 3298 amisfis
453 3223 589 3300 circiter
622 3251 673 3298 xc
708 3223 871 3315 navibus,
910 3223 1055 3322 reliquae
1086 3240 1206 3298 tamen

219 3344 314 3422 refici
336 3348 432 3445 poffe
448 3368 580 3445 magno
595 3343 741 3444 negotio
758 3343 976 3418 viderentur.¹
1016 3345 1140 3442 ltaque
1160 3365 1207 3418 ex

219 3463 416 3567 legionibus
442 3465 560 3542 fabros
584 3464 799 3566 delegit„&
826 3491 872 3540 ex
900 3449 1090 3541 continenti
1118 3463 1205 3541 altos
1236 3563 1240 3571 .

219 3587 361 3666 arcessiri
382 3585 507 3688 jubet}
534 3569 697 3664 Labieno
724 3577 855 3681 scribit,
881 3606 937 3679 ut,
965 3611 1075 3687 quarn
1096 3584 1205 3686 pluri·

221 3733 294 3787 uus
309 3713 444 3812 posset,
470 3708 510 3786 iis
539 3708 749 3811 legionibus,
775 3735 856 3810 quae
881 3707 959 3786 sunt
983 3710 1079 3810 apud
1105 3719 1203 3797 eur'n,
