2850 4752
275 365 347 482 31a
604 345 939 458 'AssHrrrrrr
979 493 982 498 ¹

272 547 738 658 speculabanturerentum.
786 549 1048 634 Obfidendant
1061 548 1269 658 :imperata

201 713 205 720 ·
237 657 241 663 ¹
272 669 419 763 faciunt,
452 694 606 772 excepto
621 674 803 767 Commio,
832 697 942 774 quem
961 672 1078 750 timor.
1099 670 1267 769 prohibe·

273 791 335 866 bat
361 790 567 894 cujusquam
601 793 687 868 fidel
714 792 811 870 suam
840 791 1066 868 committere
1092 788 1266 866 salutern:

271 891 356 986 nam
373 911 548 1012 superiore
563 939 658 989 armo
670 911 721 996 T.
732 912 927 1005 Labienus,
944 911 1081 988 Caesare
1095 908 1134 985 in
1150 909 1268 986 Gallia

271 1032 431 1122 citeriore
442 1032 500 1132 jus
516 1033 672 1126 dicente,
690 1053 803 1134 quum
820 1031 1028 1108 Commium
1044 1029 1268 1131 comperisset

271 1149 456 1229 sollicitare
484 1154 657 1246 civitates,
689 1151 1019 1253 &conjurationem
1042 1170 1170 1228 contra
1190 1151 1267 1226 Cae·

141 1315 143 1320 ·
272 1271 383 1364 sarem
406 1273 535 1368 facere,
561 1273 804 1350 infidelitatem
830 1271 904 1376 ejus
928 1276 999 1348 fine
1019 1272 1094 1346 ulla
1123 1271 1267 1371 perfidia

266 1389 440 1496 judicavit
469 1394 660 1494 comprimi
681 1397 804 1494 polle:
832 1417 941 1493 quem
965 1391 1050 1496 quia
1075 1415 1151 1486 uon
1175 1390 1266 1468 arbi-

272 1517 427 1590 trabatur
443 1533 608 1590 vocatum
624 1514 664 1602 in
679 1513 790 1589 castra
804 1532 1009 1603 venturum,
1033 1535 1081 1586 ne
1095 1511 1266 1588 tentando

272 1635 464 1726 cautiorem
481 1632 623 1726 faceret,
650 1635 693 1708 C.
710 1632 929 1718 Volusenum
945 1632 1172 1731 Qradratunr
1199 1623 1279 1708 rui-³

240 1759 242 1764 ’
268 1756 323 1844 srt,
349 1753 525 1852 quicum,
552 1778 616 1852 per
630 1751 886 1839 simulationem
902 1751 1098 1853 conloquii,
1122 1771 1265 1846 curaret

270 1871 567 1949 interficiendum.
618 1874 777 1949 Ad‘eam
798 1864 877 1949 ‘rem
892 1871 1045 1960 deludor
1062 1871 1210 1948 idoneos
1235 1873 1267 1948 ei

270 1994 378 2070 tradit
394 1994 628 2071 centuriones.
668 1989 796 2090 Qum
812 1992 850 2068 in
867 1992 1101 2092 conloquium
1116 2012 1266 2070 ventum

271 2117 371 2206 effer,
391 2119 440 2206 ὅτ,
466 2133 507 2189 ut
533 2132 759 2205 convenerat,
784 2139 931 2192 manum
946 2111 1105 2196 Commii
1120 2113 1266 2220 Voluse-¹

271 2245 339 2310 nus
355 2235 558 2332 adripuisset
569 2264 581 2322 ;
609 2237 645 2310 δι
663 2232 835 2326 centurio,
861 2235 967 2326 velut
976 2231 1109 2310 insueta
1132 2259 1172 2310 re
1188 2260 1265 2336 per·

254 2338 404 2448 'motusj
420 2354 528 2430 vellet
543 2353 976 2448 Commiuminterficere,
1002 2354 1161 2433 celeriter
1178 2355 1263 2433 afa·

268 2473 465 2552 miliaribus
476 2474 674 2574 prohibitus
689 2473 883 2572 (Commii)
897 2476 1070 2553 conficere
1081 2458 1264 2553 hominem

269 2620 345 2674 non
378 2596 516 2696 potuit:
555 2595 709 2695 graviter
740 2583 861 2670 tamen
890 2595 1008 2694 primo
1041 2595 1114 2682 idtu
1144 2595 1264 2696 gladio

268 2732 388 2811 caput
404 2718 577 2812 percussit.
627 2711 752 2810 Qum
768 2713 958 2814 utrimque
986 2714 1095 2816 gladii
1110 2714 1264 2792 destricti

268 2833 390 2924 essent,
415 2851 579 2924 nontam
606 2834 805 2934 pugnandi,
835 2860 945 2934 quam
962 2835 1174 2936 diffugiendi
1199 2834 1263 2912 fuit

268 2971 502 3058 utrorumque
530 2941 714 3030 confilium
726 2989 738 3042 ς
771 2955 987 3048 nostrorum,
1015 2956 1112 3056 quod
1139 2955 1262 3032 morti·

267 3071 345 3170 fero
362 3074 507 3165 vulnere
518 3075 729 3151 Commium
745 3075 935 3152 credebant
951 3074 1153 3166 edmerum
1177 3075 1262 3152 Gal·

263 3195 531 3301 *lorum‚.quod‚
555 3193 685 3270 insidiis
701 3195 867 3297 cognitis,
893 3197 1015 3296 plura,
1027 3218 1148 3296 quarn
1162 3196 1262 3278 vide·

267 3315 369 3407 bant,
397 3312 691 3394 ‚extimescebam
740 3319 825 3416 Qro
852 3314 948 3394 fatto
975 3309 1126 3392 stuuiffe
1149 3317 1261 3407 Com·

98 3423 105 3434 ’
222 3467 225 3476 ’
268 3434 360 3508 mins
384 3431 584 3524 dicebatur,
610 3459 809 3536 nurnqrmn
833 3436 871 3520 in
895 3435 1124 3538 conspertum
1146 3432 1259 3538 eujus·

125 3588 135 3604 ··
159 3583 169 3608 -‚
212 3585 235 3666 · ·
268 3569 377 3648 quam
395 3553 553 3647 Romani
566 3551 701 3634 uenire.
750 3588 754 3595 ·
