2814 4754
256 385 331 456 224
548 356 987 455 C.Jos11Cmsan1s

604 487 608 520 l

142 573 146 580 ·
254 533 382 637 accipit
394 561 414 624 3:
437 537 487 627 a,
511 535 781 635 magnafcoada
806 551 928 626 manu,
957 529 995 606 in
1011 529 1251 630 provinciam,

255 661 465 737 Narbonem
493 654 623 749 versus,
658 656 883 756 eruptionem
910 651 1023 729 facere
1051 658 1251 734 contendit.

254 786 337 880 Qra
353 778 578 870 renunciata,
604 777 718 854 Caesar
734 777 901 886 omnibus
916 773 1063 878 consiliis
1083 798 1249 862 antever-

249 903 402 977 tendum
418 899 643 992 existimavit,
669 918 710 974 ut
725 899 935 974 Narbonem
957 897 1248 996 proficisceretur.

135 1115 138 1120 A
209 1015 213 1026 ‘
252 1024 309 1098 Eo
338 1047 451 1121 quum
475 1021 637 1112 senilset,
667 1020 830 1096 timentes
857 1020 1058 1110 confirmat,
1086 1022 1247 1120 praefidia

197 1226 208 1234 ,
252 1144 289 1218 in
302 1143 454 1220 Rutenis
470 1141 766 1236 Prouincialibus,
780 1141 901 1216 Volcis
919 1139 1148 1234 Arecomicis,
1165 1143 1244 1218 To·

252 1263 430 1356 lusatibus,
458 1262 665 1362 circumque
685 1266 910 1356 Narbonem,
940 1289 1019 1364 quae
1036 1267 1120 1354 loca
1135 1263 1243 1338 hosti·

251 1387 318 1462 bus
344 1403 441 1462 erant
468 1384 631 1478 finitima,
655 1383 861 1472 constituit;
899 1405 1035 1483 partem
1058 1384 1245 1486 copiarum

171 1593 172 1596 Ἴ
251 1533 299 1584 ex
328 1507 521 1607 provincia,
548 1507 916 1606 subplementumque,
946 1507 1044 1604 quod
1073 1531 1120 1580 ex
1145 1505 1247 1582 Italia

250 1630 461 1718 adduxerat,
474 1627 516 1724 in
529 1629 696 1718 Helvios,
716 1626 777 1727 qui
794 1628 880 1700 fines
894 1619 1135 1701 Arvernorum
1150 1631 1243 1702 'con-

249 1748 407 1848 tingunt,
433 1749 624 1825 convenire
640 1747 754 1850 jubet.

298 1870 398 1944 VIII.
424 1871 495 1947 His
509 1874 611 1946 rebus
623 1867 849 1969 comparatis,
862 1867 1093 1968 repreffojam
1104 1862 1241 1944 Laue-

249 1990 303 2066 rio
331 1996 366 2066 δι
383 2013 534 2085 remoto,
558 1993 656 2092 quod
671 1991 796 2066 intrare
811 1991 902 2066 intra
922 1989 1079 2090 praefidia
1101 1989 1240 2089 pericu·
1275 1981 1279 1990 ’

250 2111 364 2213 losum
397 2117 561 2213 putabat3
603 2113 641 2188 in
672 2112 823 2190 Helvios
853 2111 1094 2213 proficiscimr.
1167 2099 1241 2186 Eiss

249 2258 353 2308 mons
369 2235 551 2327 Cevenna,
570 2236 633 2335 qui
650 2239 829 2311 Arvernos
845 2238 891 2311 ab
907 2235 1049 2310 Helviis
1064 2229 1241 2324 discludit,

247 2353 428 2430 duriffimo
445 2375 618 2454 ‚tempore
636 2352 733 2446 anni,
758 2357 918 2430 altisfima
943 2355 1027 2429 nive
1049 2353 1117 2430 iter
1139 2353 1240 2454 inpe-

248 2463 392 2560 diebat:
436 2495 557 2551 tamen
585 2474 732 2552 discuffa
765 2475 847 2550 nive
876 2501 917 2549 vr
949 2474 988 2548 in
1015 2476 1240 2551 altitudinem

248 2596 397 2694 pedum,
413 2615 519 2696 atque
535 2597 583 2672 ita
610 2591 891 2695 viis'patefaclis,
921 2577 1059 2668 summo
1085 2583 1242 2672 militum

247 2713 368 2790 labore
400 2717 445 2790 ad
477 2719 565 2792 fines
588 2711 831 2798 Arvernorum
860 2713 1242 2814 pervenit.JQ1ibus

246 2836 414 2934 obpressis
441 2835 723 2936 inopinantibus,
758 2837 857 2937 quod
896 2832 934 2911 se
975 2835 1157 2928 Cevenna,
1198 2855 1240 2913 ut

160 3053 161 3063 ἵ
246 2965 364 3050 muro,
388 2956 543 3033 munitos
559 2949 820 3051 existimabant,
839 2984 881 3036 ac
904 2983 950 3032 ne
973 2956 1140 3058 fingulari
1161 2956 1237 3058 qui·

166 3099 169 3104 '
189 3135 191 3140 ·
246 3080 331 3156 dem
348 3105 521 3178 umquam
542 3080 680 3156 homini
697 3107 739 3156 eo
754 3099 914 3180 tempore
929 3078 1014 3155 anni
1030 3076 1159 3154 semita
1176 3105 1236 3178 pa·

133 3231 139 3250 ν
247 3221 410 3310 ruerant3
452 3203 630 3303 equitibus
659 3203 833 3303 imperat,
856 3223 923 3314 ut,
945 3226 1053 3300 quam
1081 3200 1237 3275 latiffimc

246 3327 385 3422 poffint,
403 3345 588 3425 vagentur,
606 3329 640 3402 δι
658 3323 979 3424 quam-maximum
995 3320 1154 3397 hostibus
1168 3341 1236 3396 ter·
1295 3334 1298 3343 “

245 3469 363 3520 rorem
380 3445 539 3524 inferant.
588 3445 755 3520 Celeriter
775 3446 851 3520 haec
868 3443 963 3520 fama
976 3469 1019 3521 ac
1036 3441 1173 3534 nunciis
1188 3443 1233 3516 ad

246 3565 571 3668 Vercingetorigem
588 3563 830 3665 perferuntur:
854 3591 963 3664 quem
979 3560 1144 3666 perterriti
1157 3586 1236 3637 om·

246 3711 308 3762 nes
324 3687 476 3766 Arverni
493 3686 757 3782 circumfillunt,
773 3705 879 3788 atque
890 3683 1085 3778 obsecrant,
1102 3701 1144 3760 ut
1168 3681 1236 3760 suis
