2850 4752
375 411 428 464 nn
449 389 582 465 Bstnn
602 387 796 467 Gueureo
820 386 915 464 Lis.
931 385 1035 462 Vlll.
1135 411 1207 490 329

204 557 269 636 u'nr
277 553 467 650 Cominii
470 558 706 660 adjungebat,
725 585 798 660 quo
823 557 989 636 libentius
998 505 1043 635 icl
1064 557 1210 651 faceret,

96 711 98 716 ·
208 682 304 782 quod
322 677 571 782 imperabatur.
621 683 761 780 ltaque,
789 677 960 780 dispositis
975 675 1119 772 insidiis,
1146 675 1275 754 sae-¹

205 801 283 900 pius
314 797 386 904 ejus
412 805 548 904 equites
577 803 771 902 adgreffus,
797 799 951 877 secunda
976 793 1105 920 proelia
1125 798 1212 876 faci·
1332 777 1337 786 ⁶

190 923 300 1024 nebat.
359 923 571 1014 Noviffime,
606 947 720 1021 quum
736 922 993 998 'vehementius
1019 915 1211 996 contende·

208 1061 318 1134 retur,
349 1067 391 1118 ac
420 1043 617 1118 Volusenus
649 1043 756 1141 ipfius
783 1041 1029 1148 intercipiendi
1054 1039 1215 1118 Commii

172 1189 177 1195 ·
209 1162 404 1260 cupiditate
422 1163 635 1261 pertinacius
658 1187 743 1238 eum
772 1187 856 1238 curn
894 1160 1014 1261 paucis
1041 1157 1216 1237 insecutus
1336 1233 1353 1248 ,,
1401 1160 1405 1174 ’

93 1295 101 1312 ’
189 1283 313 1394 ¹effen
340 1282 399 1356 ille
426 1303 546 1358 autem
563 1279 650 1380 fuga
666 1281 868 1356 vehementi
890 1277 1117 1356 Volusenum
1131 1283 1211 1354 lon-

212 1401 292 1502 gius
316 1381 548 1501 produxiffet,
565 1423 710 1501 rupente
726 1401 892 1478 omnium
914 1399 1084 1496 suorum
1074 1417 1215 1476 invocat

210 1523 321 1598 fidem
337 1541 446 1622 atque
461 1520 650 1615 auxilium,
669 1547 715 1598 ne
736 1522 794 1598 sua
812 1523 973 1613 vulnera,
992 1519 1169 1621 perfidia
1158 1545 1214 1596 ιιι-
1304 1581 1309 1592 .

165 1673 166 1676 “
209 1633 383 1742 terpofita,
409 1662 610 1742 paterentur
632 1643 781 1719 inulta:¹
797 1641 1038 1740 conversoque
1047 1637 1163 1742 equo,
1178 1639 1215 1725 se
1340 1677 1343 1686 ·

210 1787 231 1838 a
255 1780 380 1838 ceteris
408 1762 584 1838 incautius
611 1763 782 1861 permittit
810 1763 847 1838 in
877 1757 1103 1861 ριιεῐιᾶιιιιι.
1145 1763 1215 1839 Fa·

177 1883 186 1890 ’
211 1881 310 1960 ciunt
327 1881 424 1954 idem
437 1907 566 1956 omnes
590 1881 662 1981 ejus
681 1881 837 1990 equites,
864 1880 1065 1980 paucosque
1081 1881 1217 1956 nostros

210 2019 433 2092 convertunt,
458 2007 566 2100 atque
593 2001 832 2134 insequuntur.
883 1985 1105 2075 Conrnrius
1094 2019 1216 2074 rncen·'
1232 2075 1234 2080 ,

211 2121 289 2198 sum
307 2117 501 2196 calcaribus
517 2145 685 2220 equum]
668 2109 790 2221 jungit
811 2145 907 2220 equo
931 2117 1218 2230 Qnaclra'tistan·

212 2265 345 2342 ceaque
362 2239 487 2315 infesta
504 2240 665 2316 medium
687 2239 805 2316 femur
821 2238 896 2339 ejus
920 2224 1060 2340 magnis
1081 2233 1218 2316 'viribu

211 2360 392 2460 transjicit.
443 2360 613 2439 Praefeuo
628 2362 827 2454 vulnerato,
842 2361 915 2436 non
932 2357 1095 2438 dubitant
1108 2359 1218 2436 nostri

212 2479 375 2573 resistere,
405 2488 441 2558 lle
471 2486 626 2559 conversi
653 2483 792 2558 hostem
822 2484 963 2582 pellere.
1015 2479 1218 2589 Qsodvubi

212 2602 353 2695 accidit,
371 2605 573 2703 complures
596 2601 768 2695 hostium,
793 2619 929 2705 magno
946 2595 1146 2679 nostrorum
1162 2599 1217 2676 in·

212 2741 296 2820 petu
321 2726 482 2822 perculsi,
498 2727 739 2816 vulnerantur,
760 2728 795 2800 δι
809 2722 1000 2824 partimin
1026 2715 1113 2822 fuga
1136 2739 1217 2821 pru·¹
1267 2796 1268 2800 ,

109 2849 121 2865 '‘
212 2861 387 2935 teruntur,
402 2843 530 2956 partim
541 2845 821 2943 intercipiuntur.
871 2843 984 2944 Qtod
1001 2843 1064 2919 ubi
1081 2832 1219 2918 malurn

214 2963 306 3052 dux,
324 2962 406 3059 equi
429 2962 630 3053 velocitate,
655 2962 820 3050 evitavitc
847 2966 1001 3062 graviter
1016 2959 1219 3038 vulneratus
1259 3061 1261 3066 Ι

215 3080 412 3184 prefectus,
439 3101 479 3158 ut
505 3080 587 3158 vitae
616 3081 812 3180 periculum
840 3081 995 3158 aditurus
1024 3065 1217 3174 videretur,
1260 3159 1265 3166 ,

215 3201 366 3280 refertur
391 3203 428 3278 in
456 3193 575 3278 castra.
625 3201 812 3277 Commius
832 3185 964 3293 autcm',
983 3203 1052 3276 srve
1075 3203 1220 3302 expiato

175 3362 178 3366 ·
216 3323 280 3401 suo
306 3325 444 3418 dolore,
469 3327 540 3398 five
562 3335 694 3423 magna
721 3341 820 3421 parte
843 3318 966 3398 ansilla
992 3317 1151 3414 fuorunt,
1168 3325 1218 3398 le·

212 3463 320 3547 gatos
347 3446 394 3520 ad
418 3437 624 3519 Antonium
651 3441 774 3535 mittit,
793 3435 951 3546 seque&
973 3441 1024 3519 ibi
1040 3435 1218 3535 futurum,

217 3566 278 3642 ubi
304 3563 564 3666 praescripserit:
593 3566 628 3638 &
646 3589 687 3640 ea
708 3546 900 3657 facturum,
918 3557 1000 3665 q'u'ae
1022 3563 1218 3664 imperarit,

220 3687 398 3764 obsidibus
411 3686 507 3764 datis
521 3679 654 3763 firmat:
691 3711 806 3762 unum
823 3686 1016 3779 illuderet,
1034 3705 1075 3763 ut
1099 3683 1218 3761 umori
1279 3719 1282 3724 ·
