2850 4752
388 407 441 468 be
465 391 597 467 Beato
620 391 812 466 Ganttco
836 389 930 464 Lm.
947 389 1046 466 VIII.
1138 415 1209 490 333

213 559 425 654 dominatio,
453 584 561 664 atque
582 589 693 654 arma,
722 589 796 638 non
822 560 1213 679 minimum0terrorenl
1346 607 1354 638 r

181 685 184 692 ’
214 679 290 758 soro
306 681 499 771 inferrent3
528 683 719 760 discederet
735 703 886 782 uterque
903 685 950 760 ab
965 681 1085 777 armis,
1110 707 1226 765 exem,

116 815 125 832 '
214 799 373 902 citusque
387 803 608 880 dimitteret:
635 795 710 884 sote
736 831 779 880 eo
802 803 897 880 sablo
915 804 1075 894 liberam,
1101 807 1136 878 a
1159 803 1213 880 sui

206 919 296 1019 juris
313 923 506 1001 civitatem.
556 927 687 1023 Neque
702 925 772 1000 hoe
789 943 928 998 tantum
944 923 1119 1022 pollicitus
1136 923 1187 1002 eff
1198 952 1214 1010 ς

164 1065 166 1070 ·
212 1031 395 1120 sedetiam
413 1071 477 1146 per
503 1045 537 1120 se
562 1044 800 1120 disceffionem
817 1042 929 1120 facere
949 1044 1061 1144 coepit
1075 1043 1214 1144 :quod

213 1189 259 1239 ne
292 1165 406 1255 lieret,
444 1164 603 1239 consules
632 1163 809 1262 amicique
842 1161 1004 1262 Pompeji
1025 1163 1212 1264 jusserunt,

115 1347 121 1360 .
213 1301 336 1380 atque,
366 1283 416 1358 ita
434 1309 510 1358 rem
529 1283 761 1374 moderando,
788 1283 1026 1359 discesserunt.
1167 1307 1198 1328 ‘⁴

219 1427 225 1439 “
264 1405 365 1478 LIII.
391 1407 573 1504 Magnum
604 1407 676 1480 hoc
704 1404 948 1480 testimonium
978 1404 1115 1478 senatus
1141 1421 1214 1479 erat

214 1523 378 1615 univers,
393 1523 677 1624 conveniensque
689 1523 982 1624 superiori-fatto:
1010 1549 1095 1599 nam
1108 1522 1212 1598 Mar-

213 1645 323 1744 cellus
345 1645 511 1744 proximo
546 1672 655 1739 anno,
683 1672 799 1745 quum
828 1645 1042 1744 inpugnaret
1069 1643 1216 1722 Caesaris

214 1764 441 1864 dignitatem,
472 1745 594 1840 bontra
618 1770 738 1865 legem
761 1764 923 1866 Pompeji
947 1770 982 1842 δι
1007 1767 1129 1856 Craffi,
1158 1790 1214 1842 re·

213 1887 341 1968 tulerat
368 1903 449 1958 ante
473 1903 614 1982 tempus
630 1888 676 1959 ad
702 1883 875 1976 senatum,
895 1886 941 1961 de
962 1884 1105 1959 Caesaris
1130 1909 1213 1982 pro·
1271 1878 1274 1886 ’

212 2002 366 2090 vinciis3
395 2000 641 2103 sententiisque
662 2004 782 2100 dietis,
812 2001 1217 2080 discellionem'saciente

214 2124 410 2215 Marcello,
436 2121 499 2222 qui
528 2123 589 2208 fibi
606 2149 753 2220 omnem
776 2124 984 2224 dignitatem
1007 2148 1054 2198 ex
1072 2121 1215 2202 casaris

142 2296 147 2312 .
215 2243 349 2320 invidia
370 2246 564 2344 quaerebat,
592 2242 728 2320 senatus
753 2242 917 2343 frequens
945 2243 986 2341 in¹
999 2245 1069 2322 alia
1093 2245 1234 2342 omnia,
1295 2236 1300 2245 ’

216 2365 358 2441 tranfiit.
390 2365 549 2464 ,Qubus
577 2391 648 2443 non
670 2363 932 2466 :frangebantur
959 2365 1079 2442 animi‘
1095 2365 1214 2442 inimi·

215 2505 343 2560 eorum
367 2485 525 2577 Caesaris,
557 2483 617 2560 sed
643 2488 941 2577 admonebantur,
972 2512 1045 2584 quo
1066 2484 1216 2584 majores

217 2624 378 2705 pararent
394 2606 673 2699 neceffitudines,
699 2606 828 2706 quibus
844 2605 926 2708 cogi
944 2609 1059 2705 poffet
1080 2609 1217 2682 sennua

192 2807 196 2816 ¹
217 2722 256 2800 id
274 2727 438 2826 probare,
463 2728 565 2828 quod
581 2726 643 2826 ipfi
661 2724 927 2804 constituissent.

269 2848 369 2921 LIV.
394 2847 452 2922 Fit
468 2848 600 2922 deinde
626 2845 975 2938 senatusconsultum,
1004 2868 1044 2922 ut
1067 2850 1113 2924 ad
1138 2849 1232 2924 bel..

221 2965 298 3039 lum
309 2948 519 3042 ‘Parthicum
537 2965 633 3064 legio
660 2991 732 3040 una
758 2966 868 3064 aCn.
892 2966 1081 3066 Pompejo,
1108 2970 1218 3046 altera

220 3109 243 3158 a
270 3084 315 3159 C.
331 3082 464 3159 Caesare
480 3083 721 3158 mitterentur:
749 3110 866 3182 neque
882 3085 1029 3160 obscure
1054 3088 1111 3160 bae
1134 3087 1229 3160 duae·

220 3190 378 3304 legiones
394 3203 458 3279 uni
474 3203 599 3279 Caesari
615 3191 859 3278 detrahuntur.
909 3207 1007 3279 Nam
1023 3207 1092 3279 Cn.
1105 3208 1243 3288 Pom»
1278 3229 1290 3242 ‘·

221 3318 321 3425 pejus
337 3319 516 3424 legionem
534 3323 704 3423 primam,
728 3320 836 3424 quam
859 3325 904 3399 ad
928 3324 1101 3424 Caesarem
1117 3324 1217 3399 mise·

220 3463 289 3542 rat,
318 3443 515 3520 confeuam
531 3469 576 3519 ex
592 3443 723 3520 dileelu
740 3444 932 3546 provincia·
959 3443 1114 3537 Caesaris,
1137 3468 1218 3522 eam

181 3548 199 3626 Ῐ
220 3584 405 3665 tamquam
432 3589 479 3640 ex
506 3563 568 3639 suo
596 3589 744 3638 numero
772 3565 884 3640 dedit.
934 3564 1048 3640 Caesar
1063 3585 1216 3674 stamen,

223 3711 336 3786 quum
353 3686 400 3762 de
416 3687 595 3760 voluntate
621 3683 894 3763 adversariorum
923 3674 1071 3764 suoruml
1095 3687 1131 3762 se
1155 3709 1217 3760 ex·
