2814 4754
362 427 414 483 or
432 357 565 486 Brito
582 405 772 484 Gruttco
794 407 889 484 Lu.
906 401 988 482 v11.
1096 429 1167 506 ²55
1245 397 1249 402 ’

178 574 356 678 expositis,
374 579 513 677 signum
532 575 606 667 dat,
626 579 660 651 δι
678 577 725 654 ab
739 574 881 651 dextera
900 591 997 673 parte
1013 571 1083 654 alio
1106 573 1170 650 arl-

177 695 295 774 scensu
312 689 441 775 codem
457 716 617 796 tempore
628 697 768 774 AEduos
780 693 899 772 mittit.

227 813 368 896 XLVL
389 818 664 917 Oppidimorus
689 819 736 892 ab
760 816 915 916 planitie,
942 834 1049 916 etque
1071 814 1172 896 initio

179 933 374 1030 adscensus,
392 941 486 1014 resta
501 939 660 1040 regione,
683 941 707 1012 fi
724 939 840 1013 nullus
856 935 1046 1018 amfrattus
1062 941 1170 1014 intet-
1269 935 1273 946 ’

157 1157 159 1160 ¹
179 1060 332 1150 eederet,
351 1085 432 1136 mcc
452 1061 567 1158 passus
583 1061 705 1138 aberat
720 1088 729 1130 ι
758 1057 931 1156 quidquid
947 1055 1031 1140 huic
1047 1057 1172 1138 circui-

178 1199 234 1256 tus
259 1181 305 1256 ad
327 1179 561 1256 molliendum
584 1177 718 1253 clivum
742 1179 937 1268 accesserat,
964 1177 1003 1258 id
1023 1177 1172 1276 spatium

180 1299 312 1380 itineris
336 1301 500 1398 augebat.
550 1301 602 1374 At
628 1297 747 1372 medio
771 1293 842 1378 ferte¹
858 1299 948 1375 colle
964 1297 1000 1372 in
1018 1296 1172 1396 longitu-

181 1421 319 1512 dinem,
350 1438 390 1496 ut
414 1439 537 1498 natura
561 1418 689 1510 montis
718 1417 882 1510 ferebat,
902 1443 949 1494 cx
983 1418 1186 1520 grandibus!
1247 1402 1250 1411 ¹

182 1539 270 1626 saxis
289 1566 331 1615 vr
353 1541 485 1638 pedum
513 1565 672 1630 murum,
695 1539 758 1639 qui
786 1539 987 1616 nostrorum
1015 1538 1174 1638 inpetum

180 1661 343 1752 tardaret,
374 1662 618 1760 praeduxerant
638 1660 757 1750 Galli3
783 1681 903 1762 atque,
922 1661 1083 1738 inferiore
1094 1687 1172 1738 om-

180 1781 219 1862 ni
243 1781 353 1881 spatio
371 1765 492 1858 'vacuo
513 1783 648 1872 relicto,
678 1783 887 1880 superiorem
914 1805 1047 1882 partem
1074 1783 1174 1860 collis

180 1903 291 2001 usque
320 1903 529 1978 admotum
556 1902 681 2001 oppidi
708 1902 908 1978 densissmris
934 1903 1048 1980 castris
1075 1917 1173 1978 com-

182 2025 376 2124 pleverant.
412 2022 563 2116 Milites,
582 2023 664 2098 dato
682 2027 794 2122 signo,
822 2021 978 2098 celeriter
995 2023 1041 2094 ad
1057 2020 1173 2099 muni-

172 2142 321 2222 'tionem
346 2142 571 2241 perveniunt,
597 2167 747 2242 eamque
764 2141 968 2242 transgressi,
994 2141 1091 2218 trinis
1104 2140 1174 2218 cas·

182 2265 243 2342 tris
261 2262 455 2364 potiuntur.
506 2268 563 2338 Ac
586 2283 682 2340 tanta
700 2263 769 2338 suit
791 2264 828 2338 in
856 2263 972 2346 castris
996 2262 1176 2363 capiendis

184 2384 359 2476 celeritas,
377 2403 417 2458 ut
434 2385 683 2478 Teutomatus,
702 2409 763 2460 rex
780 2385 1041 2484 Nitiobrigum,
1058 2383 1175 2464 subito

182 2507 221 2582 in
239 2507 463 2582 tabernaculo
480 2506 672 2604 obpressus,
691 2525 730 2582 ut
747 2506 892 2582 meridie
908 2506 1173 2605 conquieverat,

141 2665 144 2670 ·
181 2625 356 2727 superiore
372 2627 529 2727 corporis
554 2647 650 2728 parte
678 2623 821 2720 nudata,
850 2629 1032 2705 vulnerato
1065 2610 1175 2726 equo,

182 2748 243 2826 rix
255 2748 288 2825 se
305 2775 350 2828 ex
367 2748 530 2832 manibus
548 2749 783 2848 praedantium
798 2747 952 2828 militum
969 2746 1125 2846 eriperet.

231 2871 386 2956 XLVII,
410 2868 623 2954 Consecutus
646 2869 698 2960 id,
718 2871 817 2968 quod
845 2870 966 2952 animo
988 2870 1175 2968 proposue-

183 3008 250 3080 rat,
267 2987 381 3072 Caesar
409 2989 566 3087 receptui
596 2989 673 3070 cani
696 2987 814 3087 jussit:
841 2989 1059 3089 legionisque
1079 2991 1175 3072 deci-

184 3134 271 3201 mae,
305 3133 461 3208 quacum
490 3129 561 3209 erat
590 3107 830 3199 concionatus,
858 3113 954 3209 signa
982 3107 1178 3183 constitere.

184 3237 237 3310 At
256 3229 468 3329 reliquarum
485 3228 610 3303 milites
627 3225 824 3326 legionum,
841 3255 914 3304 non
931 3227 1102 3304 exaudito
1120 3247 1176 3302 tu·

184 3355 241 3434 hae
272 3347 371 3442 sono,
397 3351 495 3450 quod
523 3348 602 3447 satis
631 3375 764 3448 magua
792 3349 900 3424 valles
926 3349 1179 3444 intercedebat,
1246 3399 1248 3407 ι

183 3491 303 3548 tamen
331 3474 377 3549 ab
404 3471 552 3556 tribunis
577 3469 746 3563 militum,
772 3469 976 3572 legatisque,
1002 3490 1042 3546 ut
1060 3492 1132 3558 erat
1157 3501 1179 3548 a
1282 3565 1284 3570 Ι

185 3591 318 3670 Caesare
346 3613 577 3692 praeccptum‚
606 3591 854 3669 retinebantur.
920 3593 989 3670 Sed
1009 3594 1092 3670 elati
1120 3593 1179 3694 spu

187 3699 306 3794 celeris
332 3713 501 3808 visloriae,
532 3713 737 3802 &hostium
762 3711 861 3815 fuga,
888 3713 1178 3817 superiorumque
1292 3759 1294 3767 ,
