2850 4752
240 407 315 486 320
585 329 875 456 Aerns‘rr
921 319 923 326 Ι
976 383 1009 394 “’

284 516 447 630 XXXX.
470 552 610 651 Magna
621 549 724 652 copia
735 547 900 628 frumenti
910 563 1129 648 comparata,
1147 573 1231 628 con·
1394 575 1404 596 ·

134 679 145 701 ⁹
233 671 350 748 sidunt
368 659 532 771 Drappes
552 676 586 747 ὅτ
604 671 793 756 Lueretius
809 695 884 746 non
906 667 1113 769 longiusab
1127 671 1231 771 oppi·
1284 679 1292 688 “

232 790 282 866 do
304 816 330 864 x
354 791 511 882 milibus,
536 793 631 866 unde
654 791 839 891 paullatim
856 788 1078 866 frumentum
1105 789 1232 889 inop-

84 951 90 962 ·
231 907 360 1011 pidum
376 910 633 1010 subportarent.
675 913 743 1010 lpfi
769 903 862 987 inter
885 907 919 984 se
934 907 1136 1008 provincias
1152 897 1251 1007 par-f

230 1030 380 1124 tiontor,
404 1033 568 1130 Drappes
584 1031 701 1106 castris
723 1029 882 1130 praesrdio
904 1052 989 1103 curu
1007 1049 1104 1126 parte
1130 1029 1231 1129 copi-

230 1159 341 1226 arum
364 1150 509 1230 restitit:
543 1150 729 1226 Lusierius
756 1151 888 1250 agmen
908 1146 1159 1246 jumentorum
1182 1149 1229 1226 ad

230 1269 410 1369 oppidum
439 1269 597 1346 adducit.
646 1269 828 1369 Dispositis
853 1269 903 1344 ibi
933 1267 1113 1366 praesrdiis,
1142 1271 1228 1346 hora

230 1389 344 1466 nortis
361 1390 499 1468 circiter
525 1415 552 1466 x
570 1387 780 1487 silvestribus
801 1387 1022 1489 angustisque
1043 1387 1227 1466 itineribus

228 1508 452 1586 frumentum
468 1510 645 1609 inportare
665 1507 704 1602 in
728 1509 903 1608 oppidum
925 1507 1083 1584 instituit.
1124 1513 1227 1610 Qro-

226 1652 310 1704 rum
334 1628 519 1726 strepitum
543 1627 669 1728 vigiles
687 1628 881 1706 castrorum
896 1653 1011 1729 quum
1038 1626 1224 1724 senfiffent,

227 1743 534 1846 exploratoresque
560 1746 665 1839 milli,
694 1775 776 1848 quae
800 1767 1001 1849 agerentur,
1030 1748 1225 1825 renuncias-

224 1864 315 1959 sent,
350 1866 521 1942 Caninius
549 1869 706 1944 celeriter
742 1895 828 1946 cum
855 1868 1057 1945 cohortibus
1085 1867 1226 1947 armatis

225 1985 479 2086 exproximis
508 1989 654 2092 castellis
682 1989 721 2066 in
749 1987 997 2068 frumentarios
1024 1986 1091 2065 sub
1113 1988 1225 2088 ipsam

225 2109 345 2185 lucem
362 2107 526 2206 inpetum
543 2108 639 2186 fecit.
689 2112 734 2204 li,
762 2105 947 2209 repentino
974 2110 1070 2186 malo
1094 2129 1223 2208 perter-

226 2227 296 2319 riti,
326 2225 519 2328 diffugiunt
549 2232 595 2305 ad
626 2229 686 2306 sua
714 2230 895 2329 praesrdia:
933 2253 1014 2329 quae
1042 2229 1154 2304 nostri
1183 2251 1224 2308 ut

165 2337 170 2342 ¹
225 2345 404 2440 videtum,
430 2348 547 2426 acrius
563 2369 686 2426 contra
704 2359 855 2431 armatos
871 2349 1019 2440 incitati,
1041 2349 1223 2426 neminem

167 2556 174 2564 ,
223 2451 332 2546 exeo
348 2493 496 2546 numero
513 2468 639 2546 vivum
655 2469 736 2568 capi
753 2470 946 2570 patiuntur.
980 2469 1123 2570 Effugit
1139 2470 1223 2546 inde

224 2614 310 2666 cum
326 2589 446 2687 paucis
462 2588 665 2682 Lueretius,
691 2615 757 2666 nec
773 2591 807 2666 se
824 2590 946 2688 recipit
962 2589 999 2664 in
1015 2587 1134 2665 castra.
1198 2621 1202 2632 ·

270 2707 452 2784 XXXVI.
477 2709 536 2784 Re
558 2711 650 2782 bene
675 2709 785 2808 gesta,
808 2709 977 2784 Caninius
997 2733 1044 2784 ex
1071 2709 1220 2810 captivis

222 2825 410 2923 comperit,
425 2844 573 2924 partem
585 2826 771 2924 copiarum
788 2853 873 2904 cum
889 2829 1071 2928 Drappete
1095 2834 1165 2906 effe
1181 2831 1218 2908 in

127 2991 133 3020 t
220 2944 391 3022 castriae
410 2944 554 3022 milibus
582 2971 657 3022 non
681 2946 835 3046 amplius
861 2971 949 3023 xrs.
998 2952 1082 3049 Qra
1110 2976 1149 3028 re
1171 2959 1217 3030 e'x

202 3065 466 3165 compluribus
493 3065 653 3168 cognita,
687 3092 802 3167 quum
829 3067 1060 3167 intellegeret,
1093 3067 1218 3172 fugato

142 3284 147 3296 Ι
217 3189 312 3264 duce
337 3183 486 3280 altero,‘·¹
502 3186 698 3288 perterritos
734 3187 888 3286 reliquos
920 3185 1024 3286 facile
1062 3189 1217 3290 obprimi

218 3310 339 3407 poffe3
365 3331 507 3408 magna
533 3305 709 3384 felicitatis
730 3310 800 3386 elle
822 3306 1071 3402 arbitrabatur,
1101 3309 1220 3388 nerni-v

218 3450 367 3504 nem-ex
388 3427 486 3504 caede
507 3425 671 3526 resugiffe
694 3426 731 3502 in
749 3428 871 3520 castra,
907 3427 969 3526 qui
997 3429 1044 3504 de
1070 3441 1215 3530 accepta

217 3545 415 3623 calamitate
442 3546 811 3646 nuncium-Drappeti
836 3546 1016 3646 perferret.
1066 3549 1150 3641 Sed,
1176 3548 1218 3627 in

207 3660 436 3764 experiundo
451 3693 564 3766 quum
580 3665 776 3770 periculum
792 3667 1097 3762 nullomvideret,
1110 3667 1212 3768 'equi-
