<?xml version="1.0" encoding="UTF-8"?>
<!DOCTYPE html PUBLIC "-//W3C//DTD XHTML 1.0 Transitional//EN"
    "http://www.w3.org/TR/xhtml1/DTD/xhtml1-transitional.dtd">
<html xmlns="http://www.w3.org/1999/xhtml" xml:lang="en" lang="en">
 <head>
  <title>
</title>
<meta http-equiv="Content-Type" content="text/html;charset=utf-8" />
  <meta name='ocr-system' content='tesseract 3.04.00' />
  <meta name='ocr-capabilities' content='ocr_page ocr_carea ocr_par ocr_line ocrx_word'/>
</head>
<body>
  <div class='ocr_page' id='page_1' title='image "./caiijuliicaesar00dodwgoog_0385.png"; bbox 0 0 2912 4750; ppageno 0'>
   <div class='ocr_carea' id='block_1_1' title="bbox 273 379 1274 1400">
    <p class='ocr_par' dir='ltr' id='par_1_1' title="bbox 273 379 1273 1009">
     <span class='ocr_line' id='line_1_1' title="bbox 273 379 1104 472; baseline -0.005 -26"><span class='ocrx_word' id='word_1_1' title='bbox 273 408 331 472; x_wconf 82' lang='lat'>374</span> <span class='ocrx_word' id='word_1_2' title='bbox 511 379 763 462; x_wconf 71' lang='lat' dir='ltr'><strong>JOS&#39;EPHI.</strong></span> <span class='ocrx_word' id='word_1_3' title='bbox 785 381 1104 443; x_wconf 79' lang='lat' dir='ltr'>sanlGERI</span> 
     </span>
     <span class='ocr_line' id='line_1_2' title="bbox 275 534 1269 621; baseline -0.001 -17"><span class='ocrx_word' id='word_1_4' title='bbox 275 545 312 604; x_wconf 83' lang='lat' dir='ltr'>ad</span> <span class='ocrx_word' id='word_1_5' title='bbox 325 534 403 621; x_wconf 77' lang='lat' dir='ltr'>cuj&#39;us</span> <span class='ocrx_word' id='word_1_6' title='bbox 415 536 567 602; x_wconf 86' lang='lat' dir='ltr'>tribunalia</span> <span class='ocrx_word' id='word_1_7' title='bbox 588 558 604 598; x_wconf 86' lang='lat' dir='ltr'>a</span> <span class='ocrx_word' id='word_1_8' title='bbox 622 539 754 598; x_wconf 84' lang='lat' dir='ltr'>Dunlter·</span> <span class='ocrx_word' id='word_1_9' title='bbox 790 537 948 615; x_wconf 78' lang='lat' dir='ltr'>sanicitur</span> <span class='ocrx_word' id='word_1_10' title='bbox 969 539 1147 602; x_wconf 82' lang='lat' dir='ltr'>Parlamento</span> <span class='ocrx_word' id='word_1_11' title='bbox 1171 539 1269 604; x_wconf 85' lang='lat' dir='ltr'>Burdi-</span> 
     </span>
     <span class='ocr_line' id='line_1_3' title="bbox 275 607 1271 776; baseline 0.001 -19"><span class='ocrx_word' id='word_1_12' title='bbox 275 619 753 774; x_wconf 55' lang='lat' dir='ltr'>kaed&#39;lrliiiloiiliililiitguriHispania-</span> <span class='ocrx_word' id='word_1_13' title='bbox 790 607 1271 776; x_wconf 49' lang='lat' dir='ltr'>gildeirfielcbqlliarlgunmstsconti·</span> 
     </span>
     <span class='ocr_line' id='line_1_4' title="bbox 275 771 1272 854; baseline -0.003 -17"><span class='ocrx_word' id='word_1_14' title='bbox 275 797 355 846; x_wconf 88' lang='lat' dir='ltr'>rum;</span> <span class='ocrx_word' id='word_1_15' title='bbox 375 775 422 834; x_wconf 90' lang='lat' dir='ltr'>sed</span> <span class='ocrx_word' id='word_1_16' title='bbox 438 793 485 832; x_wconf 84' lang='lat' dir='ltr'>rex</span> <span class='ocrx_word' id='word_1_17' title='bbox 499 773 621 833; x_wconf 84' lang='lat' dir='ltr'>Franciae</span> <span class='ocrx_word' id='word_1_18' title='bbox 639 773 676 831; x_wconf 90' lang='lat' dir='ltr'>est</span> <span class='ocrx_word' id='word_1_19' title='bbox 694 773 754 830; x_wconf 92' lang='lat' dir='ltr'>Do-</span> <span class='ocrx_word' id='word_1_20' title='bbox 785 787 838 832; x_wconf 85' lang='lat' dir='ltr'>net</span> <span class='ocrx_word' id='word_1_21' title='bbox 862 774 933 832; x_wconf 89' lang='lat' dir='ltr'>duos</span> <span class='ocrx_word' id='word_1_22' title='bbox 956 771 1147 851; x_wconf 76' lang='lat' dir='ltr'>Episcopatus,</span> <span class='ocrx_word' id='word_1_23' title='bbox 1171 796 1272 854; x_wconf 87' lang='lat' dir='ltr'>nempe</span> 
     </span>
     <span class='ocr_line' id='line_1_5' title="bbox 277 849 1273 932; baseline -0.001 -18"><span class='ocrx_word' id='word_1_24' title='bbox 277 855 369 914; x_wconf 89' lang='lat' dir='ltr'>minus</span> <span class='ocrx_word' id='word_1_25' title='bbox 383 851 560 912; x_wconf 80' lang='lat' dir='ltr'>feudatarius.</span> <span class='ocrx_word' id='word_1_26' title='bbox 584 852 630 911; x_wconf 92' lang='lat' dir='ltr'>Est</span> <span class='ocrx_word' id='word_1_27' title='bbox 642 852 755 928; x_wconf 82' lang='lat' dir='ltr'>fimplex</span> <span class='ocrx_word' id='word_1_28' title='bbox 792 849 863 910; x_wconf 80' lang='lat' dir='ltr'>citra</span> <span class='ocrx_word' id='word_1_29' title='bbox 871 852 1047 911; x_wconf 82' lang='lat' dir='ltr'>Garumnam</span> <span class='ocrx_word' id='word_1_30' title='bbox 1058 854 1204 932; x_wconf 80' lang='lat' dir='ltr'>Aginnum</span> <span class='ocrx_word' id='word_1_31' title='bbox 1214 853 1273 914; x_wconf 90' lang='lat' dir='ltr'>Ni-</span> 
     </span>
     <span class='ocr_line' id='line_1_6' title="bbox 276 928 1272 1009; baseline -0.001 -17"><span class='ocrx_word' id='word_1_32' title='bbox 276 932 402 1001; x_wconf 89' lang='lat' dir='ltr'>feudum,</span> <span class='ocrx_word' id='word_1_33' title='bbox 422 949 510 1007; x_wconf 83' lang='lat' dir='ltr'>neque</span> <span class='ocrx_word' id='word_1_34' title='bbox 523 928 641 1007; x_wconf 81' lang='lat' dir='ltr'>supremi</span> <span class='ocrx_word' id='word_1_35' title='bbox 651 928 733 1006; x_wconf 83' lang='lat' dir='ltr'>juris.</span> <span class='ocrx_word' id='word_1_36' title='bbox 792 928 945 1009; x_wconf 81' lang='lat' dir='ltr'>tiobrignm</span> <span class='ocrx_word' id='word_1_37' title='bbox 974 931 1083 1007; x_wconf 62' lang='grc' dir='ltr'>(ΑΜ,</span> <span class='ocrx_word' id='word_1_38' title='bbox 1112 931 1185 990; x_wconf 91' lang='lat' dir='ltr'>ultra</span> <span class='ocrx_word' id='word_1_39' title='bbox 1213 933 1272 991; x_wconf 90' lang='lat' dir='ltr'>Ga·</span> 
     </span>
    </p>

    <p class='ocr_par' dir='ltr' id='par_1_2' title="bbox 276 1007 1274 1400">
     <span class='ocr_line' id='line_1_7' title="bbox 314 1007 1272 1087; baseline -0.001 -17"><span class='ocrx_word' id='word_1_40' title='bbox 314 1011 518 1086; x_wconf 69' lang='lat' dir='ltr'>Armeniacensts</span> <span class='ocrx_word' id='word_1_41' title='bbox 534 1010 629 1087; x_wconf 78' lang='lat' dir='ltr'>(vulgo</span> <span class='ocrx_word' id='word_1_42' title='bbox 641 1009 755 1087; x_wconf 77' lang='lat' dir='ltr'>Armag-</span> <span class='ocrx_word' id='word_1_43' title='bbox 793 1027 920 1066; x_wconf 88' lang='lat' dir='ltr'>rumnam</span> <span class='ocrx_word' id='word_1_44' title='bbox 955 1007 1159 1076; x_wconf 86' lang='lat' dir='ltr'>Condorniurn,</span> <span class='ocrx_word' id='word_1_45' title='bbox 1198 1010 1272 1086; x_wconf 91' lang='lat' dir='ltr'>quod</span> 
     </span>
     <span class='ocr_line' id='line_1_8' title="bbox 276 1083 1273 1164; baseline -0.004 -15"><span class='ocrx_word' id='word_1_46' title='bbox 276 1093 335 1162; x_wconf 76' lang='lat' dir='ltr'>nac)</span> <span class='ocrx_word' id='word_1_47' title='bbox 354 1087 513 1147; x_wconf 79' lang='lat' dir='ltr'>Comitatus</span> <span class='ocrx_word' id='word_1_48' title='bbox 535 1086 662 1145; x_wconf 87' lang='lat' dir='ltr'>continet</span> <span class='ocrx_word' id='word_1_49' title='bbox 676 1085 757 1146; x_wconf 86' lang='lat' dir='ltr'>Dioe·</span> <span class='ocrx_word' id='word_1_50' title='bbox 794 1085 926 1164; x_wconf 85' lang='lat' dir='ltr'>peculiari</span> <span class='ocrx_word' id='word_1_51' title='bbox 947 1087 1062 1144; x_wconf 91' lang='lat' dir='ltr'>nomine</span> <span class='ocrx_word' id='word_1_52' title='bbox 1079 1083 1187 1145; x_wconf 85' lang='lat' dir='ltr'>dicitur</span> <span class='ocrx_word' id='word_1_53' title='bbox 1204 1085 1273 1145; x_wconf 88' lang='lat' dir='ltr'>Val&#39;-</span> 
     </span>
     <span class='ocr_line' id='line_1_9' title="bbox 276 1162 1273 1254; baseline -0.004 -26"><span class='ocrx_word' id='word_1_54' title='bbox 276 1166 351 1228; x_wconf 85' lang='lat' dir='ltr'>ceses</span> <span class='ocrx_word' id='word_1_55' title='bbox 378 1167 445 1225; x_wconf 83' lang='lat' dir='ltr'>duas</span> <span class='ocrx_word' id='word_1_56' title='bbox 475 1165 546 1223; x_wconf 88' lang='lat' dir='ltr'>ultra</span> <span class='ocrx_word' id='word_1_57' title='bbox 573 1165 757 1233; x_wconf 87' lang='lat' dir='ltr'>Garumnam,</span> <span class='ocrx_word' id='word_1_58' title='bbox 794 1162 887 1224; x_wconf 82' lang='lat' dir='ltr'>conia.</span> <span class='ocrx_word' id='word_1_59' title='bbox 927 1162 1173 1254; x_wconf 79' lang='lat' dir='ltr'>Qemadmodum</span> <span class='ocrx_word' id='word_1_60' title='bbox 1198 1166 1273 1226; x_wconf 88' lang='lat' dir='ltr'>eninr</span> 
     </span>
     <span class='ocr_line' id='line_1_10' title="bbox 279 1241 1274 1324; baseline -0.004 -18"><span class='ocrx_word' id='word_1_61' title='bbox 279 1255 379 1324; x_wconf 85' lang='lat' dir='ltr'>nempe</span> <span class='ocrx_word' id='word_1_62' title='bbox 409 1243 641 1312; x_wconf 66' lang='lat' dir='ltr'>hdoratenlem,</span> <span class='ocrx_word' id='word_1_63' title='bbox 673 1245 759 1322; x_wconf 82' lang='lat' dir='ltr'>vulgo</span> <span class='ocrx_word' id='word_1_64' title='bbox 794 1241 895 1302; x_wconf 83' lang='lat' dir='ltr'>Africa</span> <span class='ocrx_word' id='word_1_65' title='bbox 915 1241 1021 1304; x_wconf 79' lang='lat' dir='ltr'>dicutur</span> <span class='ocrx_word' id='word_1_66' title='bbox 1039 1257 1099 1300; x_wconf 89' lang='lat' dir='ltr'>tota</span> <span class='ocrx_word' id='word_1_67' title='bbox 1111 1241 1162 1300; x_wconf 89' lang='lat' dir='ltr'>illa</span> <span class='ocrx_word' id='word_1_68' title='bbox 1175 1263 1274 1322; x_wconf 83' lang='lat' dir='ltr'>magna</span> 
     </span>
     <span class='ocr_line' id='line_1_11' title="bbox 278 1319 1273 1400; baseline -0.003 -17"><span class='ocrx_word' id='word_1_69' title='bbox 278 1326 425 1391; x_wconf 67' lang='lat' dir='ltr'>Laidoure,</span> <span class='ocrx_word' id='word_1_70' title='bbox 441 1327 466 1378; x_wconf 78' lang='lat' dir='ltr'>u</span> <span class='ocrx_word' id='word_1_71' title='bbox 480 1319 646 1380; x_wconf 85' lang='lat' dir='ltr'>Auscensem</span> <span class='ocrx_word' id='word_1_72' title='bbox 662 1323 759 1400; x_wconf 82' lang='lat' dir='ltr'>(vulgo</span> <span class='ocrx_word' id='word_1_73' title='bbox 795 1320 951 1388; x_wconf 87' lang='lat' dir='ltr'>continens,</span> <span class='ocrx_word' id='word_1_74' title='bbox 970 1339 1032 1396; x_wconf 86' lang='lat' dir='ltr'>quae</span> <span class='ocrx_word' id='word_1_75' title='bbox 1045 1333 1145 1397; x_wconf 86' lang='lat' dir='ltr'>pateta</span> <span class='ocrx_word' id='word_1_76' title='bbox 1157 1319 1273 1380; x_wconf 88' lang='lat' dir='ltr'>Niload</span> 
     </span>
    </p>
   </div>
   <div class='ocr_carea' id='block_1_2' title="bbox 175 1395 1274 1478">
    <p class='ocr_par' dir='ltr' id='par_1_3' title="bbox 175 1395 1274 1478">
     <span class='ocr_line' id='line_1_12' title="bbox 175 1395 1274 1478; baseline -0.006 -15"><span class='ocrx_word' id='word_1_77' title='bbox 175 1441 179 1452; x_wconf 56' lang='lat'><em>2</em></span> <span class='ocrx_word' id='word_1_78' title='bbox 265 1395 377 1474; x_wconf 70' lang='lat' dir='ltr'>,Aucbrl</span> <span class='ocrx_word' id='word_1_79' title='bbox 399 1397 581 1478; x_wconf 77' lang='lat' dir='ltr'>Metropolim</span> <span class='ocrx_word' id='word_1_80' title='bbox 595 1399 681 1458; x_wconf 91' lang='lat' dir='ltr'>totius</span> <span class='ocrx_word' id='word_1_81' title='bbox 695 1398 758 1457; x_wconf 83' lang='lat' dir='ltr'>No-</span> <span class='ocrx_word' id='word_1_82' title='bbox 796 1398 903 1465; x_wconf 84' lang='lat' dir='ltr'>Gades,</span> <span class='ocrx_word' id='word_1_83' title='bbox 934 1403 960 1454; x_wconf 77' lang='lat' dir='ltr'>dc</span> <span class='ocrx_word' id='word_1_84' title='bbox 986 1412 1080 1456; x_wconf 87' lang='lat' dir='ltr'>tamen</span> <span class='ocrx_word' id='word_1_85' title='bbox 1106 1397 1138 1456; x_wconf 96' lang='lat' dir='ltr'>in</span> <span class='ocrx_word' id='word_1_86' title='bbox 1164 1417 1197 1458; x_wconf 87' lang='lat' dir='ltr'>ea</span> <span class='ocrx_word' id='word_1_87' title='bbox 1216 1413 1274 1458; x_wconf 85' lang='lat' dir='ltr'>erat</span> 
     </span>
    </p>
   </div>
   <div class='ocr_carea' id='block_1_3' title="bbox 278 1474 1279 2722">
    <p class='ocr_par' dir='ltr' id='par_1_4' title="bbox 278 1474 1275 1710">
     <span class='ocr_line' id='line_1_13' title="bbox 280 1474 1274 1571; baseline -0.006 -31"><span class='ocrx_word' id='word_1_88' title='bbox 280 1477 514 1571; x_wconf 83' lang='lat' dir='ltr'>vempopulaniae,</span> <span class='ocrx_word' id='word_1_89' title='bbox 534 1478 589 1535; x_wconf 89' lang='lat' dir='ltr'>five</span> <span class='ocrx_word' id='word_1_90' title='bbox 601 1475 759 1536; x_wconf 76' lang='lat' dir='ltr'>vasconiae,</span> <span class='ocrx_word' id='word_1_91' title='bbox 795 1474 951 1555; x_wconf 84' lang='lat' dir='ltr'>provincia,</span> <span class='ocrx_word' id='word_1_92' title='bbox 969 1495 1032 1566; x_wconf 76' lang='lat' dir='ltr'>qua</span> <span class='ocrx_word' id='word_1_93' title='bbox 1041 1475 1219 1566; x_wconf 82' lang='lat' dir='ltr'>peculiariter</span> <span class='ocrx_word' id='word_1_94' title='bbox 1231 1475 1274 1534; x_wconf 86' lang='lat' dir='ltr'>di·</span> 
     </span>
     <span class='ocr_line' id='line_1_14' title="bbox 280 1551 1274 1635; baseline -0.005 -18"><span class='ocrx_word' id='word_1_95' title='bbox 280 1558 434 1635; x_wconf 85' lang='lat' dir='ltr'>Subjrcirur</span> <span class='ocrx_word' id='word_1_96' title='bbox 448 1554 622 1614; x_wconf 84' lang='lat' dir='ltr'>Parlamento</span> <span class='ocrx_word' id='word_1_97' title='bbox 640 1552 758 1614; x_wconf 81' lang='lat' dir='ltr'>Tolosa·</span> <span class='ocrx_word' id='word_1_98' title='bbox 795 1555 911 1616; x_wconf 80' lang='lat' dir='ltr'>uebatur</span> <span class='ocrx_word' id='word_1_99' title='bbox 920 1551 1031 1622; x_wconf 77' lang='lat' dir='ltr'>Africa,</span> <span class='ocrx_word' id='word_1_100' title='bbox 1044 1573 1076 1611; x_wconf 90' lang='lat' dir='ltr'>ru</span> <span class='ocrx_word' id='word_1_101' title='bbox 1090 1572 1143 1630; x_wconf 83' lang='lat' dir='ltr'>qua</span> <span class='ocrx_word' id='word_1_102' title='bbox 1156 1554 1274 1614; x_wconf 88' lang='lat' dir='ltr'>Cartha·</span> 
     </span>
     <span class='ocr_line' id='line_1_15' title="bbox 278 1630 1275 1710; baseline -0.004 -16"><span class='ocrx_word' id='word_1_103' title='bbox 278 1656 328 1694; x_wconf 83' lang='lat' dir='ltr'>no.</span> <span class='ocrx_word' id='word_1_104' title='bbox 795 1651 851 1710; x_wconf 84' lang='lat' dir='ltr'>go:</span> <span class='ocrx_word' id='word_1_105' title='bbox 872 1630 913 1690; x_wconf 91' lang='lat' dir='ltr'>ita</span> <span class='ocrx_word' id='word_1_106' title='bbox 923 1631 1064 1690; x_wconf 74' lang='lat' dir='ltr'>Vasconis</span> <span class='ocrx_word' id='word_1_107' title='bbox 1075 1631 1188 1708; x_wconf 82' lang='lat' dir='ltr'>quidem</span> <span class='ocrx_word' id='word_1_108' title='bbox 1201 1631 1275 1690; x_wconf 88' lang='lat' dir='ltr'>dici·</span> 
     </span>
    </p>

    <p class='ocr_par' dir='ltr' id='par_1_5' title="bbox 278 1707 1277 2317">
     <span class='ocr_line' id='line_1_16' title="bbox 327 1707 1276 1788; baseline 0.001 -20"><span class='ocrx_word' id='word_1_109' title='bbox 327 1711 494 1788; x_wconf 81' lang='lat' dir='ltr'>Bigerronum</span> <span class='ocrx_word' id='word_1_110' title='bbox 527 1707 685 1767; x_wconf 84' lang='lat' dir='ltr'>Comitatus</span> <span class='ocrx_word' id='word_1_111' title='bbox 726 1708 761 1786; x_wconf 81' lang='lat' dir='ltr'>(le</span> <span class='ocrx_word' id='word_1_112' title='bbox 795 1723 841 1767; x_wconf 91' lang='lat' dir='ltr'>tut</span> <span class='ocrx_word' id='word_1_113' title='bbox 860 1709 1020 1787; x_wconf 86' lang='lat' dir='ltr'>ampliffima</span> <span class='ocrx_word' id='word_1_114' title='bbox 1037 1709 1084 1767; x_wconf 90' lang='lat' dir='ltr'>illa</span> <span class='ocrx_word' id='word_1_115' title='bbox 1104 1709 1193 1787; x_wconf 82' lang='lat' dir='ltr'>regio,</span> <span class='ocrx_word' id='word_1_116' title='bbox 1214 1724 1276 1786; x_wconf 77' lang='lat' dir='ltr'>quat</span> 
     </span>
     <span class='ocr_line' id='line_1_17' title="bbox 279 1785 1275 1866; baseline 0 -20"><span class='ocrx_word' id='word_1_117' title='bbox 279 1789 369 1848; x_wconf 84' lang='lat' dir='ltr'>Comte&#39;</span> <span class='ocrx_word' id='word_1_118' title='bbox 388 1789 417 1845; x_wconf 88' lang='lat' dir='ltr'>de</span> <span class='ocrx_word' id='word_1_119' title='bbox 435 1787 554 1865; x_wconf 81' lang='lat' dir='ltr'>Bigorre)</span> <span class='ocrx_word' id='word_1_120' title='bbox 578 1785 704 1849; x_wconf 88' lang='lat' dir='ltr'>continet</span> <span class='ocrx_word' id='word_1_121' title='bbox 726 1809 759 1848; x_wconf 91' lang='lat' dir='ltr'>u·</span> <span class='ocrx_word' id='word_1_122' title='bbox 795 1786 863 1846; x_wconf 92' lang='lat' dir='ltr'>olim</span> <span class='ocrx_word' id='word_1_123' title='bbox 873 1786 1037 1866; x_wconf 81' lang='lat' dir='ltr'>vocatasuir</span> <span class='ocrx_word' id='word_1_124' title='bbox 1046 1786 1275 1865; x_wconf 79' lang='lat' dir='ltr'>Novempopula·</span> 
     </span>
     <span class='ocr_line' id='line_1_18' title="bbox 279 1863 1275 1944; baseline -0.002 -18"><span class='ocrx_word' id='word_1_125' title='bbox 279 1871 347 1927; x_wconf 89' lang='lat' dir='ltr'>num</span> <span class='ocrx_word' id='word_1_126' title='bbox 363 1865 561 1944; x_wconf 87' lang='lat' dir='ltr'>Episcopaturn</span> <span class='ocrx_word' id='word_1_127' title='bbox 571 1864 706 1935; x_wconf 83' lang='lat' dir='ltr'>Turbam,</span> <span class='ocrx_word' id='word_1_128' title='bbox 720 1866 759 1925; x_wconf 85' lang='lat' dir='ltr'>se·</span> <span class='ocrx_word' id='word_1_129' title='bbox 795 1865 852 1925; x_wconf 90' lang='lat' dir='ltr'>nia.</span> <span class='ocrx_word' id='word_1_130' title='bbox 894 1865 948 1923; x_wconf 90' lang='lat' dir='ltr'>Sed</span> <span class='ocrx_word' id='word_1_131' title='bbox 973 1863 1148 1942; x_wconf 85' lang='lat' dir='ltr'>peculiariter</span> <span class='ocrx_word' id='word_1_132' title='bbox 1170 1865 1275 1924; x_wconf 84' lang='lat' dir='ltr'>Valeo·</span> 
     </span>
     <span class='ocr_line' id='line_1_19' title="bbox 278 1941 1277 2024; baseline -0.002 -20"><span class='ocrx_word' id='word_1_133' title='bbox 278 1945 344 2004; x_wconf 89' lang='lat' dir='ltr'>dem</span> <span class='ocrx_word' id='word_1_134' title='bbox 355 1944 561 2024; x_wconf 87' lang='lat' dir='ltr'>Episcopalern:</span> <span class='ocrx_word' id='word_1_135' title='bbox 582 1943 667 2022; x_wconf 84' lang='lat' dir='ltr'>vulgo</span> <span class='ocrx_word' id='word_1_136' title='bbox 676 1944 763 2003; x_wconf 71' lang='lat' dir='ltr'>Terbe</span> <span class='ocrx_word' id='word_1_137' title='bbox 796 1942 842 2000; x_wconf 87' lang='lat' dir='ltr'>nia</span> <span class='ocrx_word' id='word_1_138' title='bbox 855 1963 965 2020; x_wconf 87' lang='lat' dir='ltr'>quoque</span> <span class='ocrx_word' id='word_1_139' title='bbox 983 1942 1091 2002; x_wconf 89' lang='lat' dir='ltr'>dicitur</span> <span class='ocrx_word' id='word_1_140' title='bbox 1108 1941 1138 2001; x_wconf 92' lang='lat' dir='ltr'>in</span> <span class='ocrx_word' id='word_1_141' title='bbox 1149 1963 1183 2004; x_wconf 86' lang='lat' dir='ltr'>ea</span> <span class='ocrx_word' id='word_1_142' title='bbox 1195 1941 1277 2023; x_wconf 59' lang='lat' dir='ltr'>Epis«</span> 
     </span>
     <span class='ocr_line' id='line_1_20' title="bbox 280 2020 1276 2114; baseline -0.002 -32"><span class='ocrx_word' id='word_1_143' title='bbox 280 2027 313 2083; x_wconf 85' lang='lat' dir='ltr'>de</span> <span class='ocrx_word' id='word_1_144' title='bbox 340 2024 461 2103; x_wconf 72' lang='lat' dir='ltr'>Begorra,</span> <span class='ocrx_word' id='word_1_145' title='bbox 488 2035 536 2080; x_wconf 88' lang='lat' dir='ltr'>aut</span> <span class='ocrx_word' id='word_1_146' title='bbox 563 2023 682 2114; x_wconf 70' lang='lat' dir='ltr'>Bigorra,</span> <span class='ocrx_word' id='word_1_147' title='bbox 711 2021 761 2082; x_wconf 91' lang='lat' dir='ltr'>sub</span> <span class='ocrx_word' id='word_1_148' title='bbox 795 2036 908 2098; x_wconf 83' lang='lat' dir='ltr'>cupatur</span> <span class='ocrx_word' id='word_1_149' title='bbox 917 2020 1140 2080; x_wconf 87' lang='lat' dir='ltr'>Condomienfis.</span> <span class='ocrx_word' id='word_1_150' title='bbox 1179 2021 1276 2099; x_wconf 86' lang='lat' dir='ltr'>Itaque</span> 
     </span>
     <span class='ocr_line' id='line_1_21' title="bbox 281 2095 1277 2180; baseline -0.004 -18"><span class='ocrx_word' id='word_1_151' title='bbox 281 2102 428 2180; x_wconf 88' lang='lat' dir='ltr'>metropoli</span> <span class='ocrx_word' id='word_1_152' title='bbox 447 2099 577 2159; x_wconf 86' lang='lat' dir='ltr'>Auscenli</span> <span class='ocrx_word' id='word_1_153' title='bbox 603 2098 760 2160; x_wconf 85' lang='lat' dir='ltr'>thasco-</span> <span class='ocrx_word' id='word_1_154' title='bbox 798 2098 983 2158; x_wconf 81' lang='lat' dir='ltr'>Senesehallus</span> <span class='ocrx_word' id='word_1_155' title='bbox 1000 2095 1172 2178; x_wconf 84' lang='lat' dir='ltr'>Agennenfis</span> <span class='ocrx_word' id='word_1_156' title='bbox 1194 2115 1277 2158; x_wconf 85' lang='lat' dir='ltr'>vocat</span> 
     </span>
     <span class='ocr_line' id='line_1_22' title="bbox 281 2171 1276 2317; baseline 0 -3"><span class='ocrx_word' id='word_1_157' title='bbox 281 2178 760 2317; x_wconf 51' lang='lat' dir='ltr'>ll’nlelllslssllffllolallm‘</span> <span class='ocrx_word' id='word_1_158' title='bbox 798 2171 1276 2314; x_wconf 56' lang='lat' dir='ltr'>llllllllsll‘ufillffl</span> 
     </span>
    </p>

    <p class='ocr_par' dir='ltr' id='par_1_6' title="bbox 280 2297 1279 2722">
     <span class='ocr_line' id='line_1_23' title="bbox 321 2297 1275 2412; baseline 0.002 -21"><span class='ocrx_word' id='word_1_159' title='bbox 321 2335 442 2393; x_wconf 84' lang='lat' dir='ltr'>Ducntus</span> <span class='ocrx_word' id='word_1_160' title='bbox 463 2331 598 2402; x_wconf 84' lang='lat' dir='ltr'>Allebreti,</span> <span class='ocrx_word' id='word_1_161' title='bbox 623 2349 656 2392; x_wconf 91' lang='lat' dir='ltr'>ut</span> <span class='ocrx_word' id='word_1_162' title='bbox 683 2332 762 2412; x_wconf 89' lang='lat' dir='ltr'>supra</span> <span class='ocrx_word' id='word_1_163' title='bbox 800 2332 864 2392; x_wconf 60' lang='lat' dir='ltr'>mii,</span> <span class='ocrx_word' id='word_1_164' title='bbox 902 2331 974 2411; x_wconf 78' lang='lat' dir='ltr'>Quae</span> <span class='ocrx_word' id='word_1_165' title='bbox 982 2297 1218 2410; x_wconf 59' lang='lat' dir='ltr'>appellatio&#39;vetus</span> <span class='ocrx_word' id='word_1_166' title='bbox 1228 2335 1275 2393; x_wconf 81' lang='lat' dir='ltr'>est.</span> 
     </span>
     <span class='ocr_line' id='line_1_24' title="bbox 280 2409 1279 2491; baseline 0.001 -20"><span class='ocrx_word' id='word_1_167' title='bbox 280 2411 415 2480; x_wconf 87' lang='lat' dir='ltr'>diximus,</span> <span class='ocrx_word' id='word_1_168' title='bbox 449 2412 504 2469; x_wconf 90' lang='lat' dir='ltr'>uod</span> <span class='ocrx_word' id='word_1_169' title='bbox 518 2409 553 2470; x_wconf 91' lang='lat' dir='ltr'>de</span> <span class='ocrx_word' id='word_1_170' title='bbox 566 2410 760 2472; x_wconf 87' lang='lat' dir='ltr'>Constantino·</span> <span class='ocrx_word' id='word_1_171' title='bbox 798 2411 875 2488; x_wconf 89' lang='lat' dir='ltr'>Nam</span> <span class='ocrx_word' id='word_1_172' title='bbox 889 2411 1062 2488; x_wconf 88' lang='lat' dir='ltr'>temporibus</span> <span class='ocrx_word' id='word_1_173' title='bbox 1081 2411 1176 2488; x_wconf 90' lang='lat' dir='ltr'>Pipinl</span> <span class='ocrx_word' id='word_1_174' title='bbox 1193 2431 1279 2491; x_wconf 80' lang='lat' dir='ltr'>pagus</span> 
     </span>
     <span class='ocr_line' id='line_1_25' title="bbox 281 2487 1278 2568; baseline 0.001 -20"><span class='ocrx_word' id='word_1_175' title='bbox 281 2491 339 2568; x_wconf 90' lang='lat' dir='ltr'>poli</span> <span class='ocrx_word' id='word_1_176' title='bbox 347 2490 422 2550; x_wconf 87' lang='lat' dir='ltr'>dixit</span> <span class='ocrx_word' id='word_1_177' title='bbox 462 2487 631 2566; x_wconf 87' lang='lat' dir='ltr'>leronymus,</span> <span class='ocrx_word' id='word_1_178' title='bbox 639 2509 700 2548; x_wconf 83' lang='lat' dir='ltr'>eam</span> <span class='ocrx_word' id='word_1_179' title='bbox 710 2511 760 2549; x_wconf 88' lang='lat' dir='ltr'>nu·</span> <span class='ocrx_word' id='word_1_180' title='bbox 797 2489 966 2568; x_wconf 83' lang='lat' dir='ltr'>Agennenfis</span> <span class='ocrx_word' id='word_1_181' title='bbox 979 2488 1050 2552; x_wconf 77' lang='lat' dir='ltr'>,citra</span> <span class='ocrx_word' id='word_1_182' title='bbox 1063 2490 1278 2548; x_wconf 83' lang='lat' dir='ltr'>Garumnam&amp;</span> 
     </span>
     <span class='ocr_line' id='line_1_26' title="bbox 280 2566 1277 2640; baseline -0.001 -14"><span class='ocrx_word' id='word_1_183' title='bbox 280 2568 370 2629; x_wconf 85' lang='lat' dir='ltr'>ditate</span> <span class='ocrx_word' id='word_1_184' title='bbox 385 2567 510 2628; x_wconf 91' lang='lat' dir='ltr'>omnium</span> <span class='ocrx_word' id='word_1_185' title='bbox 529 2567 675 2627; x_wconf 88' lang='lat' dir='ltr'>civitatum</span> <span class='ocrx_word' id='word_1_186' title='bbox 695 2581 761 2627; x_wconf 87' lang='lat' dir='ltr'>con·</span> <span class='ocrx_word' id='word_1_187' title='bbox 797 2568 869 2625; x_wconf 92' lang='lat' dir='ltr'>ultra</span> <span class='ocrx_word' id='word_1_188' title='bbox 884 2566 1060 2640; x_wconf 83' lang='lat' dir='ltr'>Garumnam</span> <span class='ocrx_word' id='word_1_189' title='bbox 1074 2566 1233 2626; x_wconf 84' lang='lat' dir='ltr'>dicebatur.</span> <span class='ocrx_word' id='word_1_190' title='bbox 1250 2568 1277 2625; x_wconf 85' lang='lat'>1.</span> 
     </span>
     <span class='ocr_line' id='line_1_27' title="bbox 281 2643 1277 2722; baseline 0 -18"><span class='ocrx_word' id='word_1_191' title='bbox 281 2647 409 2706; x_wconf 66' lang='lat' dir='ltr'>stenelum</span> <span class='ocrx_word' id='word_1_192' title='bbox 442 2645 531 2713; x_wconf 76' lang='lat' dir='ltr'>tuine,</span> <span class='ocrx_word' id='word_1_193' title='bbox 556 2646 604 2703; x_wconf 87' lang='lat' dir='ltr'>ita</span> <span class='ocrx_word' id='word_1_194' title='bbox 634 2645 762 2706; x_wconf 87' lang='lat' dir='ltr'>nuditate</span> <span class='ocrx_word' id='word_1_195' title='bbox 797 2659 881 2720; x_wconf 91' lang='lat' dir='ltr'>taque</span> <span class='ocrx_word' id='word_1_196' title='bbox 892 2643 944 2702; x_wconf 88' lang='lat' dir='ltr'>sub</span> <span class='ocrx_word' id='word_1_197' title='bbox 965 2643 1065 2722; x_wconf 89' lang='lat' dir='ltr'>Pipino</span> <span class='ocrx_word' id='word_1_198' title='bbox 1089 2645 1119 2703; x_wconf 93' lang='lat' dir='ltr'>in</span> <span class='ocrx_word' id='word_1_199' title='bbox 1138 2647 1277 2704; x_wconf 84' lang='lat' dir='ltr'>vetustiffi·</span> 
     </span>
    </p>
   </div>
   <div class='ocr_carea' id='block_1_4' title="bbox 154 2709 1278 2802">
    <p class='ocr_par' dir='ltr' id='par_1_7' title="bbox 154 2709 1278 2802">
     <span class='ocr_line' id='line_1_28' title="bbox 154 2709 1278 2802; baseline 0.003 -23"><span class='ocrx_word' id='word_1_200' title='bbox 154 2716 157 2730; x_wconf 82' lang='lat'>&#39;</span> <span class='ocrx_word' id='word_1_201' title='bbox 189 2767 192 2772; x_wconf 91' lang='lat'>.</span> <span class='ocrx_word' id='word_1_202' title='bbox 281 2725 469 2801; x_wconf 85' lang='lat' dir='ltr'>proximarum</span> <span class='ocrx_word' id='word_1_203' title='bbox 517 2721 761 2782; x_wconf 77' lang='lat' dir='ltr'>seneschalliamm</span> <span class='ocrx_word' id='word_1_204' title='bbox 799 2721 849 2780; x_wconf 84' lang='lat' dir='ltr'>nris</span> <span class='ocrx_word' id='word_1_205' title='bbox 868 2721 1024 2780; x_wconf 78' lang='lat' dir='ltr'>Annalibus</span> <span class='ocrx_word' id='word_1_206' title='bbox 1044 2723 1164 2782; x_wconf 79' lang='lat' dir='ltr'>refertur</span> <span class='ocrx_word' id='word_1_207' title='bbox 1183 2709 1278 2802; x_wconf 79' lang='lat' dir='ltr'>pluisse</span> 
     </span>
    </p>
   </div>
   <div class='ocr_carea' id='block_1_5' title="bbox 208 2795 1279 3895">
    <p class='ocr_par' dir='ltr' id='par_1_8' title="bbox 208 2795 1279 3895">
     <span class='ocr_line' id='line_1_29' title="bbox 281 2795 1278 2939; baseline 0.004 -4"><span class='ocrx_word' id='word_1_208' title='bbox 281 2799 567 2935; x_wconf 51' lang='lat' dir='ltr'>{lllllllrllm</span> <span class='ocrx_word' id='word_1_209' title='bbox 582 2799 762 2938; x_wconf 55' lang='lat' dir='ltr'>ldl’uluil</span> <span class='ocrx_word' id='word_1_210' title='bbox 797 2795 1278 2939; x_wconf 54' lang='lat' dir='ltr'>llll²3¹lrl¹nl²³⁰n⁸u²¹lt⁰l</span> 
     </span>
     <span class='ocr_line' id='line_1_30' title="bbox 265 2897 1278 3035; baseline 0.004 -22"><span class='ocrx_word' id='word_1_211' title='bbox 265 2947 438 3015; x_wconf 59' lang='lat' dir='ltr'>&#39;Neracum</span> <span class='ocrx_word' id='word_1_212' title='bbox 478 2953 570 3014; x_wconf 86' lang='lat' dir='ltr'>Totus</span> <span class='ocrx_word' id='word_1_213' title='bbox 588 2897 762 3016; x_wconf 65' lang='lat' dir='ltr'>Ducitusest</span> <span class='ocrx_word' id='word_1_214' title='bbox 799 2941 925 3035; x_wconf 77' lang='lat' dir='ltr'>regione,</span> <span class='ocrx_word' id='word_1_215' title='bbox 945 2977 1007 3034; x_wconf 79' lang='lat' dir='ltr'>quas</span> <span class='ocrx_word' id='word_1_216' title='bbox 1034 2977 1085 3035; x_wconf 92' lang='lat' dir='ltr'>pro</span> <span class='ocrx_word' id='word_1_217' title='bbox 1106 2957 1146 3016; x_wconf 85' lang='lat' dir='ltr'>rie</span> <span class='ocrx_word' id='word_1_218' title='bbox 1172 2955 1278 3016; x_wconf 82' lang='lat' dir='ltr'>dicitur</span> 
     </span>
     <span class='ocr_line' id='line_1_31' title="bbox 281 3029 1274 3112; baseline 0.002 -20"><span class='ocrx_word' id='word_1_219' title='bbox 281 3029 608 3094; x_wconf 84' lang='lat' dir='ltr'>subParlarnentoBurdi</span> <span class='ocrx_word' id='word_1_220' title='bbox 630 3035 722 3094; x_wconf 89' lang='lat' dir='ltr'>alensr.</span> <span class='ocrx_word' id='word_1_221' title='bbox 776 3032 949 3102; x_wconf 68' lang='lat' dir='ltr'>vasconia,</span> <span class='ocrx_word' id='word_1_222' title='bbox 963 3034 1062 3112; x_wconf 86' lang='lat' dir='ltr'>in&#39;qua</span> <span class='ocrx_word' id='word_1_223' title='bbox 1098 3034 1274 3094; x_wconf 89' lang='lat' dir='ltr'>ondomium.</span> 
     </span>
     <span class='ocr_line' id='line_1_32' title="bbox 322 3055 1277 3203; baseline 0 -31"><span class='ocrx_word' id='word_1_224' title='bbox 322 3115 491 3172; x_wconf 81' lang='lat' dir='ltr'>Lemovicr&#39;um</span> <span class='ocrx_word' id='word_1_225' title='bbox 519 3055 648 3203; x_wconf 48' lang='lat' dir='ltr'>(limasti)</span> <span class='ocrx_word' id='word_1_226' title='bbox 670 3112 761 3173; x_wconf 87' lang='lat' dir='ltr'>Senes·</span> <span class='ocrx_word' id='word_1_227' title='bbox 798 3109 982 3170; x_wconf 84' lang='lat' dir='ltr'>Senesclrallia</span> <span class='ocrx_word' id='word_1_228' title='bbox 996 3113 1166 3190; x_wconf 78' lang='lat' dir='ltr'>Agennensts</span> <span class='ocrx_word' id='word_1_229' title='bbox 1188 3112 1277 3191; x_wconf 86' lang='lat' dir='ltr'>subja·</span> 
     </span>
     <span class='ocr_line' id='line_1_33' title="bbox 227 3188 1246 3270; baseline -0.002 -16"><span class='ocrx_word' id='word_1_230' title='bbox 227 3223 230 3238; x_wconf 73' lang='lat'><em>1</em></span> <span class='ocrx_word' id='word_1_231' title='bbox 282 3192 384 3254; x_wconf 84' lang='lat' dir='ltr'>challia</span> <span class='ocrx_word' id='word_1_232' title='bbox 404 3189 617 3268; x_wconf 79' lang='lat' dir='ltr'>comprehendit</span> <span class='ocrx_word' id='word_1_233' title='bbox 637 3191 707 3250; x_wconf 85' lang='lat' dir='ltr'>duos</span> <span class='ocrx_word' id='word_1_234' title='bbox 725 3192 761 3248; x_wconf 94' lang='grc' dir='ltr'>Ε-</span> <span class='ocrx_word' id='word_1_235' title='bbox 797 3203 843 3248; x_wconf 91' lang='lat' dir='ltr'>cet</span> <span class='ocrx_word' id='word_1_236' title='bbox 858 3188 1045 3268; x_wconf 85' lang='lat' dir='ltr'>Burdigalensr</span> <span class='ocrx_word' id='word_1_237' title='bbox 1060 3191 1246 3270; x_wconf 73' lang='lat' dir='ltr'>Parlamento.</span> 
     </span>
     <span class='ocr_line' id='line_1_34' title="bbox 208 3267 1279 3350; baseline -0.004 -18"><span class='ocrx_word' id='word_1_238' title='bbox 208 3337 211 3344; x_wconf 27' lang='grc' dir='ltr'>ι</span> <span class='ocrx_word' id='word_1_239' title='bbox 282 3271 448 3350; x_wconf 82' lang='lat' dir='ltr'>piscopatus,</span> <span class='ocrx_word' id='word_1_240' title='bbox 482 3268 635 3328; x_wconf 79' lang='lat' dir='ltr'>Ratiatum</span> <span class='ocrx_word' id='word_1_241' title='bbox 661 3268 762 3328; x_wconf 82' lang='lat' dir='ltr'>lerno-</span> <span class='ocrx_word' id='word_1_242' title='bbox 837 3267 1279 3346; x_wconf 67' lang='lat' dir='ltr'>SeneschnlliaCadurciu&#39;leer·</span> 
     </span>
     <span class='ocr_line' id='line_1_35' title="bbox 215 3345 1277 3428; baseline 0.004 -24"><span class='ocrx_word' id='word_1_243' title='bbox 215 3361 218 3366; x_wconf 89' lang='grc'><strong><em>·</em></strong></span> <span class='ocrx_word' id='word_1_244' title='bbox 282 3350 390 3418; x_wconf 85' lang='lat' dir='ltr'>vicum,</span> <span class='ocrx_word' id='word_1_245' title='bbox 412 3351 540 3428; x_wconf 79' lang='lat' dir='ltr'>Limoges,</span> <span class='ocrx_word' id='word_1_246' title='bbox 572 3353 599 3407; x_wconf 72' lang='grc' dir='ltr'>δε</span> <span class='ocrx_word' id='word_1_247' title='bbox 616 3347 760 3418; x_wconf 84' lang='lat' dir='ltr'>Tutelam,</span> <span class='ocrx_word' id='word_1_248' title='bbox 797 3348 830 3417; x_wconf 83' lang='lat' dir='ltr'>ci)</span> <span class='ocrx_word' id='word_1_249' title='bbox 867 3345 994 3405; x_wconf 91' lang='lat' dir='ltr'>continet</span> <span class='ocrx_word' id='word_1_250' title='bbox 1025 3349 1093 3406; x_wconf 79' lang='lat' dir='ltr'>duas</span> <span class='ocrx_word' id='word_1_251' title='bbox 1126 3345 1277 3418; x_wconf 83' lang='lat' dir='ltr'>Dioeceses,</span> 
     </span>
     <span class='ocr_line' id='line_1_36' title="bbox 277 3423 1278 3504; baseline 0.003 -21"><span class='ocrx_word' id='word_1_252' title='bbox 277 3427 369 3496; x_wconf 64' lang='lat' dir='ltr'>Tulle.</span> <span class='ocrx_word' id='word_1_253' title='bbox 422 3427 553 3504; x_wconf 82' lang='lat' dir='ltr'>Subjac&#39;et</span> <span class='ocrx_word' id='word_1_254' title='bbox 591 3424 763 3486; x_wconf 83' lang='lat' dir='ltr'>Parlanrento</span> <span class='ocrx_word' id='word_1_255' title='bbox 797 3423 1278 3500; x_wconf 71' lang='lat' dir='ltr'>DivonamCadutcorumlcaborsl,</span> 
     </span>
     <span class='ocr_line' id='line_1_37' title="bbox 227 3501 1277 3583; baseline 0.003 -24"><span class='ocrx_word' id='word_1_256' title='bbox 227 3567 230 3570; x_wconf 49' lang='grc'><strong>,</strong></span> <span class='ocrx_word' id='word_1_257' title='bbox 282 3502 483 3583; x_wconf 85' lang='lat' dir='ltr'>Burdigalenst.</span> <span class='ocrx_word' id='word_1_258' title='bbox 798 3501 1059 3568; x_wconf 81' lang='lat' dir='ltr'>&amp;Montalbanum</span> <span class='ocrx_word' id='word_1_259' title='bbox 1073 3503 1203 3583; x_wconf 73' lang='lat' dir='ltr'>Subiacet</span> <span class='ocrx_word' id='word_1_260' title='bbox 1214 3502 1277 3564; x_wconf 90' lang='lat' dir='ltr'>Par·</span> 
     </span>
     <span class='ocr_line' id='line_1_38' title="bbox 300 3579 1080 3661; baseline 0.009 -27"><span class='ocrx_word' id='word_1_261' title='bbox 300 3609 303 3620; x_wconf 71' lang='lat'>‚</span> <span class='ocrx_word' id='word_1_262' title='bbox 322 3581 493 3640; x_wconf 71' lang='lat' dir='ltr'>Petrensium</span> <span class='ocrx_word' id='word_1_263' title='bbox 517 3581 648 3658; x_wconf 56' lang='lat' dir='ltr'>(Perlgor)</span> <span class='ocrx_word' id='word_1_264' title='bbox 669 3579 762 3639; x_wconf 87' lang='lat' dir='ltr'>Senes·</span> <span class='ocrx_word' id='word_1_265' title='bbox 796 3580 918 3638; x_wconf 86' lang='lat' dir='ltr'>lamento</span> <span class='ocrx_word' id='word_1_266' title='bbox 928 3580 1080 3661; x_wconf 87' lang='lat' dir='ltr'>Tolosano.</span> 
     </span>
     <span class='ocr_line' id='line_1_39' title="bbox 282 3655 1277 3737; baseline 0.003 -22"><span class='ocrx_word' id='word_1_267' title='bbox 282 3655 383 3715; x_wconf 86' lang='lat' dir='ltr'>challia</span> <span class='ocrx_word' id='word_1_268' title='bbox 405 3659 532 3718; x_wconf 87' lang='lat' dir='ltr'>continet</span> <span class='ocrx_word' id='word_1_269' title='bbox 553 3657 626 3717; x_wconf 85' lang='lat' dir='ltr'>duos</span> <span class='ocrx_word' id='word_1_270' title='bbox 647 3656 760 3736; x_wconf 81' lang='lat' dir='ltr'>Episco-</span> <span class='ocrx_word' id='word_1_271' title='bbox 838 3656 1006 3732; x_wconf 80' lang='lat' dir='ltr'>Seneschallr&#39;a</span> <span class='ocrx_word' id='word_1_272' title='bbox 1020 3661 1171 3737; x_wconf 80' lang='lat' dir='ltr'>Rutenenfis</span> <span class='ocrx_word' id='word_1_273' title='bbox 1194 3660 1277 3734; x_wconf 75' lang='lat' dir='ltr'>(Rou-</span> 
     </span>
     <span class='ocr_line' id='line_1_40' title="bbox 281 3731 1279 3815; baseline 0.004 -23"><span class='ocrx_word' id='word_1_274' title='bbox 281 3748 370 3812; x_wconf 85' lang='lat' dir='ltr'>patus,</span> <span class='ocrx_word' id='word_1_275' title='bbox 391 3731 548 3794; x_wconf 85' lang='lat' dir='ltr'>Vesunnam</span> <span class='ocrx_word' id='word_1_276' title='bbox 573 3734 761 3796; x_wconf 88' lang='lat' dir='ltr'>Petrocorior-</span> <span class='ocrx_word' id='word_1_277' title='bbox 796 3739 886 3814; x_wconf 70' lang='lat' dir='ltr'>argue)</span> <span class='ocrx_word' id='word_1_278' title='bbox 906 3737 1180 3815; x_wconf 76' lang='lat' dir='ltr'>compledliturduas</span> <span class='ocrx_word' id='word_1_279' title='bbox 1197 3736 1279 3796; x_wconf 83' lang='lat' dir='ltr'>Dior·</span> 
     </span>
     <span class='ocr_line' id='line_1_41' title="bbox 282 3811 1278 3895; baseline 0.002 -21"><span class='ocrx_word' id='word_1_280' title='bbox 282 3832 341 3883; x_wconf 80' lang='lat' dir='ltr'>uui,</span> <span class='ocrx_word' id='word_1_281' title='bbox 375 3811 526 3890; x_wconf 72' lang='lat' dir='ltr'>Perigueus,</span> <span class='ocrx_word' id='word_1_282' title='bbox 554 3818 580 3870; x_wconf 73' lang='grc' dir='ltr'>ει</span> <span class='ocrx_word' id='word_1_283' title='bbox 614 3811 761 3875; x_wconf 86' lang='lat' dir='ltr'>Sarlatum.</span> <span class='ocrx_word' id='word_1_284' title='bbox 797 3813 881 3888; x_wconf 83' lang='lat' dir='ltr'>ceses,</span> <span class='ocrx_word' id='word_1_285' title='bbox 900 3814 1080 3895; x_wconf 83' lang='lat' dir='ltr'>Segodunum</span> <span class='ocrx_word' id='word_1_286' title='bbox 1099 3815 1278 3878; x_wconf 83' lang='lat' dir='ltr'>Rutenorum</span> 
     </span>
    </p>
   </div>
   <div class='ocr_carea' id='block_1_6' title="bbox 0 0 1467 4750">
    <p class='ocr_par' dir='ltr' id='par_1_9' title="bbox 0 0 1467 4750">
     <span class='ocr_line' id='line_1_42' title="bbox 0 0 1467 4750; baseline 0 0"><span class='ocrx_word' id='word_1_287' title='bbox 0 0 1467 4750; x_wconf 95' lang='lat' dir='ltr'> </span> 
     </span>
    </p>
   </div>
  </div>
 </body>
</html>
