2850 4752
399 378 453 443 bt
475 357 601 445 benno
622 365 797 448 Gattrco
819 357 914 444 Lu.
932 358 1013 444 vn.
1121 362 1193 446 alr

198 530 233 610 s‘
253 527 447 614 libertatem
491 535 595 610 nobis
637 535 865 634 reliquerunt.
914 532 1073 610 Romani
1112 555 1198 608 vero

197 656 231 695 “
249 651 335 750 quid
363 669 489 750 petunt
513 653 622 746 aliud,
640 675 700 730 aut
716 654 805 754 quid
823 651 1041 743 uolunt,nis1
1060 651 1199 729 invidia

194 773 226 814 “
244 769 403 863 addudi,
431 797 520 870 quos
543 773 637 852 sarna
659 776 809 864 nobiles,
839 771 1068 872 potentesque
1098 771 1219 889 bellox

192 883 224 958 ‘1⁶
244 912 502 988 cognoverunt,
521 894 651 968 horum
664 894 702 966 in
715 894 807 992 agris
823 888 1091 990 civitatibusque
1106 913 1193 966 con·

192 1012 226 1051 “
245 1008 367 1104 fidere,
384 1029 491 1108 atque
507 1011 562 1086 his
585 1029 753 1086 eternam
769 1008 953 1108 injungere
968 1009 1193 1108 seruitutcml

192 1131 227 1170 “
246 1129 476 1225 nequeenim
489 1151 667 1230 ⁴umquam
688 1129 756 1204 alia
778 1130 981 1204 conditione
1002 1131 1096 1218 bella
1119 1125 1196 1229 ges·

192 1252 225 1290 ‘⁸
243 1245 370 1320 serunt.
420 1249 531 1344 Qtod
556 1253 580 1322 sr
603 1273 658 1346 ea,
665 1275 758 1348 ,quae
773 1249 810 1324 in
826 1247 1195 1346 longinquianationi·

188 1370 228 1436 .“
246 1365 313 1440 bus
352 1385 554 1463 geruntur,
560 1367 768 1468 ignoratis,
815 1365 973 1464 respicite
1006 1365 1197 1448 finitimam

193 1488 226 1528 “
245 1483 415 1576 Galliam,
444 1512 524 1584 quaa
552 1485 590 1560 in
615 1486 845 1592 provinciam
863 1481 1055 1576 redacta,
1030 1509 1133 1582 Jure,
1158 1487 1195 1560 δι

193 1601 383 1700 “legibue
422 1605 664 1698 commutatis,
702 1604 879 1708 securibus
890 1602 1075 1708 subjecta,
1110 1627 1191 1704 per·

195 1725 350 1819 “petua
374 1725 542 1820 premitur
562 1723 761 1802 servitute?

246 1841 457 1916 LXXVIII.
482 1843 665 1926 Sententiis
680 1843 798 1934 diuis,
814 1838 1047 1940 constituunt,
1057 1861 1112 1934 ut,
1131 1842 1195 1942 qui

191 1955 403 2050 valitudine,
433 1978 492 2036 aut
509 1979 622 2069 'atate
647 1960 787 2038 inutiles
814 1961 893 2038 sunt
919 1963 1030 2051 bello,
1056 1960 1195 2060 oppido

192 2078 382 2168 excedant,
397 2079 754 2178 ‘atqueomuiaprius
770 2081 1010 2179 experiantur,
1027 2103 1137 2177 quam
1148 2079 1198 2167 ad

191 2196 399 2295 Critognati
414 2196 626 2298 sententiam*
642 2197 879 2302 descendant:
906 2200 969 2275 illo
993 2219 1194 2296 tamenpo·
1237 2209 1257 2234 ⁴

191 2315 263 2400 tius
279 2317 453 2424 utendum
476 2319 633 2410 consilio,
663 2322 687 2394 fi
718 2345 770 2398 res
796 2331 915 2420 cogat,
933 2339 1039 2418 atque
1065 2314 1197 2410 auxilia

192 2455 388 2529 morentur,
413 2461 525 2536 quarn
542 2458 604 2514 aut
629 2435 820 2516 deditionis
847 2457 908 2534 aut
931 2432 1026 2538 pacit
1043 2433 1194 2528 subeun-

192 2549 281 2642 dam
297 2557 553 2637 conditionem.
604 2559 812 2651 Mandubii,
834 2559 972 2658 quiens
987 2545 1125 2656 oppido
1136 2579 1195 2632 re·

192 2697 373 2774 ceperant,
388 2699 471 2756 cum
489 2678 607 2766 liberis
630 2699 735 2779 atque
751 2679 922 2754 uxoribus
944 2677 1044 2754 exire
1058 2700 1196 2776 cogun-

63 2782 66 2790 ’
175 2813 265 2887 tur.
315 2797 386 2889 Hi,
417 2825 531 2898 quum
554 2800 601 2874 ad
622 2798 837 2878 munitiones
863 2801 1111 2888 Romanorum
1133 2819 1193 2872 ac·

193 2915 375 3006 cesfiffent,
406 2920 543 3006 flentes,
578 2917 744 3000 omnibus
773 2917 935 3014 precibus
963 2907 1126 3008 orabunt,
1154 2931 1198 2990 ut

193 3029 244 3123 se,
261 3030 300 3114 in
315 3031 517 3120 servitutem
532 3054 704 3132 receptos,
723 3032 1003 3132 cibojuvarentr
1043 3040 1094 3112 At
1111 3033 1196 3108 Cre·

193 3149 258 3244 sar,
274 3149 441 3250 disposrtis
457 3153 495 3227 in
510 3154 610 3228 vallo
618 3151 800 3242 custodiis,
815 3151 927 3250 recipi
946 3150 1173 3249 prohibebat,

242 3273 425 3348 LXXIX.
458 3275 598 3349 Interea
628 3269 830 3361 Commius,
860 3273 896 3344 ὅτ
918 3269 1045 3367 reliqui
1063 3270 1195 3360 ducet,

152 3387 156 3396 “
197 3390 324 3490 quibus
352 3391 528 3468 summa
517 3389 654 3489 tmperii
682 3387 847 3488 permissa
862 3405 948 3479 erat,
965 3413 1051 3464 cunt
1077 3385 1198 3464 omni·

197 3513 264 3601 bus
284 3510 402 3611 copiis
428 3513 475 3588 ad
502 3512 656 3588 Alefiam
684 3508 909 3608 perveniunt,
933 3511 968 3584 δι
990 3509 1083 3583 colle
1097 3527 1199 3584 exte·

147 3721 153 3730 ‚
197 3629 285 3722 tiore
301 3648 490 3736 occupato,
510 3654 584 3726 non
604 3628 747 3771 longius
774 3652 799 3704 n
818 3627 972 3734 paffibut
994 3613 1050 3702 ab
1069 3625 1198 3746 nostrin
1234 3739 1237 3744 .
1293 3681 1297 3696 ,
