2866 4754
382 397 432 446 nn
456 373 588 447 Buteo
615 373 801 461 Gannico
827 372 918 446 Lra.
935 371 999 446 ΙΙΙ.
1134 397 1178 471 97
1210 348 1213 356 .

199 543 340 637 deinde,
369 545 527 645 equitatu
552 541 613 622 suo
641 545 753 644 pulso,
785 566 892 645 atque
919 543 1180 645 insequentibus

198 666 334 757 nostris,
360 665 472 742 subito
501 666 670 764 pedestris,
683 668 817 766 copias,
844 667 991 766 quasin
1020 668 1179 742 convalle

194 782 234 856 in
248 784 375 860 insidiis
390 789 668 892 cordocaverant,
686 787 917 864 ostenderunt.
961 787 1031 878 Hi,
1050 789 1178 864 nostros

193 903 358 1003 disjettos
374 908 497 999 adorti,
523 908 691 1007 proelium
707 928 925 984 renovarunt.

247 1029 350 1102 XXI.
375 1030 578 1128 Pugnatum
604 1030 654 1102 est
679 1028 756 1118 diu,
778 1049 880 1125 atque
897 1029 1040 1115 actitem
1066 1053 1178 1127 quum

195 1146 341 1222 Sotiates
362 1147 597 1245 superioribus
619 1147 771 1222 victoriis
794 1147 882 1238 freti,
909 1148 946 1221 in
972 1143 1031 1222 sua
1051 1148 1178 1234 virtute

194 1267 305 1341 totius
316 1269 522 1364 Aquitania
539 1266 684 1342 salutent
700 1271 842 1365 positam
861 1287 1047 1364 putarent;
1073 1269 1178 1344 nostri

195 1385 331 1478 autern,
359 1387 443 1486 quid
462 1391 530 1461 fine
544 1391 769 1485 Imperatore,
789 1391 823 1461 δι
841 1391 910 1462 fine
926 1386 1069 1486 reliquis
1090 1387 1177 1486 legi-

198 1507 338 1599 onibus,
361 1507 614 1610 adolespentulo
631 1510 735 1599 duce,
767 1510 902 1596 efficere
919 1509 1067 1607 poffent,
1098 1534 1178 1606 per-

8 1647 9 1656 *
116 1699 119 1706 ,
198 1625 284 1725 spici
309 1648 494 1726 cuperent:
527 1649 645 1704 tamen
669 1627 819 1704 consedi
838 1629 1040 1705 vulneribus
1064 1629 1178 1704 hostes

198 1767 296 1847 terga
312 1770 469 1824 vertere:
498 1775 649 1848 quorum
673 1774 805 1849 magno
821 1776 966 1826 numero
982 1751 1175 1843 interfecto,

200 1868 334 1942 Ctaffus
360 1893 405 1942 ex
433 1869 553 1943 itinere
579 1870 753 1967 oppidum
777 1871 948 1945 Sotiatum
972 1874 1178 1969 obpugnare

199 1987 330 2085 coepit:
358 1990 487 2087 quibus
503 1987 635 2063 fortiter
651 1988 892 2078 refistentibus,
921 1989 1039 2063 vineas
1059 1987 1179 2064 turres·

200 2133 268 2205 que
284 2105 367 2206 egit.
417 2109 490 2198 Illi,
518 2109 600 2182 alias
617 2109 798 2205 eruptione
813 2128 954 2199 tentata,
981 2108 1062 2184 alias
1080 2109 1178 2184 cuni-

199 2229 288 2302 culis
312 2230 357 2306 ad
383 2253 548 2326 aggerem
576 2227 760 2325 vineasque
785 2228 882 2320 aitis,
909 2226 1005 2327 cujus
1028 2229 1078 2304 rei
1104 2227 1181 2304 sunt

199 2350 307 2447 longe
323 2347 510 2446 peritiffitni
535 2347 716 2446 Aquitani,
740 2369 922 2446 propterea
945 2351 1042 2450 quod
1061 2351 1180 2426 multis

200 2463 284 2544 locis
310 2472 405 2568 apud
427 2470 624 2544 'eosaerariae
640 2469 775 2546 sedura
793 2469 892 2556 sunt;
922 2470 984 2545 ubi
999 2470 1181 2569 diligentia

180 2591 407 2680 nostrorum,
432 2589 520 2664 nihil
547 2590 600 2666 his
622 2592 724 2666 rebus
752 2589 876 2689 profici
901 2591 995 2687 poffe
1019 2592 1180 2665 intellex-

200 2731 314 2802 erunt,
339 2705 472 2810 legatos
487 2712 533 2784 ad
554 2712 712 2785 Craffum
740 2711 906 2798 mittunt;
933 2709 1036 2810 seque
1053 2711 1090 2786 in
1116 2713 1178 2786 de·

200 2830 368 2904 ditionem
396 2849 435 2903 ut
460 2830 618 2927 recipiat,
648 2851 780 2938 petunt.
830 2836 912 2931 Qua
934 2857 971 2906 re
998 2832 1177 2930 inpetrata,

200 2975 294 3024 arma
309 2951 442 3024 tradere
456 2948 550 3049 judi,
575 2948 715 3025 faciunt.

247 3071 367 3144 XXII.
393 3075 514 3168 Atque
531 3070 567 3144 in
595 3096 636 3144 ea
662 3097 699 3144 re
721 3071 880 3144 omnium
905 3069 1100 3144 nostrorum
1126 3070 1178 3142 in·

200 3188 301 3263 tentis
318 3189 455 3279 animis,
481 3189 548 3264 alia
573 3215 617 3264 ex
636 3211 731 3286 parte
747 3190 870 3286 oppidi
887 3191 1179 3281 Adcantuannus‚

200 3309 262 3408 qui
287 3307 462 3384 summam
490 3308 625 3406 imperii
652 3311 804 3398 tenebat,
838 3334 919 3381 cum
951 3333 999 3380 nc
1029 3309 1178 3402 devotis,

201 3431 309 3528 (quos
325 3429 376 3504 illi
391 3427 571 3525 Soldurios¹
584 3428 762 3526 adpellant
777 3457 787 3516 ;
817 3436 843 3471 “
863 3454 1015 3528 quorum
1031 3431 1105 3504 haec
1130 3431 1179 3506 est

201 3555 228 3594 ‘⁶
246 3546 415 3642 conditio,
447 3548 496 3621 uti
522 3549 685 3624 omnibus
716 3549 753 3623 in
783 3549 854 3632 vita
881 3549 1077 3624 commodis
1111 3578 1180 3626 una

201 3674 228 3712 “
245 3695 329 3756 cum
353 3668 407 3748 bit
425 3665 598 3766 fruantur,
620 3695 771 3776 quotum
794 3668 827 3744 se
850 3668 1011 3747 amicitia
1035 3657 1177 3745 dedide-

675 3793 717 3864 Η
