2850 4752
337 417 400 508 'nn
418 395 551 486 Bnnso
569 393 760 470 Gannico
784 391 989 470 L'mvln.
1026 337 1030 346 Δ
1113 419 1184 497 3¹3

76 657 79 664 ,
214 563 379 640 sxxrv.
403 563 670 642 nunnoni
695 563 859 666 gneius
872 521 1047 653 'sevius
1069 560 1190 638 caenr

143 765 145 768 ,
190 706 304 787 quum
331 684 481 777 uideret,
516 686 651 760 nullam
675 682 753 784 jam
781 685 852 759 effe
878 683 1072 773 civitatem,
1103 683 1187 781 quse

189 802 325 878 bellum
343 823 498 902 .pararet‚
517 830 592 905 quo
608 803 672 881 fibi
699 805 893 891 reustum
917 801 977 878 sed
999 802 1193 876 nonnullos

83 961 87 968 ·
187 943 235 994 ex
251 921 394 1028 oppidis
416 923 627 1024 demigrare,
644 949 692 1000 ex
712 924 804 1024 agris
829 923 1018 1022 diffugere,
1035 923 1082 998 ad
1099 945 1188 1021 prae·

186 1037 469 1141 sensimperium
495 1042 719 1136 evitandum,
747 1045 865 1142 plures
889 1043 928 1118 in
950 1061 1064 1142 partes
1085 1065 1187 1118 exer·
1329 1131 1334 1142 .

186 1159 490 1238 uitumdimittere
511 1161 703 1238 constituit.
751 1164 811 1237 Μ.
838 1161 1053 1254 Antonium,
1065 1159 1188 1262 rquas·

191 1297 318 1380 torem,
347 1306 432 1356 cum
449 1281 595 1381 legione,
611 1275 662 1358 uri
694 1281 757 1358 fibi
781 1278 988 1382 conjungit:
1016 1283 1059 1355 C.
1080 1281 1188 1359 Fabi·
1265 1365 1269 1376 .

187 1423 268 1491 um,
297 1401 471 1500 legatum,
496 1425 583 1478 cum
607 1402 815 1478 cohortibus
835 1426 915 1476 xxv
939 1399 1049 1476 mittit
1071 1399 1111 1474 in
1133 1400 1201 1484 di·¹

116 1607 120 1614 ⁵
186 1517 412 1596 verliffimam
430 1520 556 1596 Galliae
569 1539 733 1619 patrenus
759 1523 860 1622 quod
883 1520 934 1598 ibi
950 1518 1119 1620 quasdam
1135 1518 1188 1598 ti·

115 1715 117 1718 .
185 1639 309 1714 vitares
330 1638 369 1714 in
384 1639 489 1716 armis
506 1643 575 1716 effe
598 1642 778 1732 audiebat,
796 1667 915 1742 neque
932 1642 975 1733 C.
992 1639 1187 1720 Caninium

186 1758 372 1852 Rebilum,
390 1761 563 1860 legatum,
582 1761 644 1860 qui
667 1762 705 1837 in
721 1761 791 1838 illis
807 1761 1011 1862 regionibus
1027 1778 1188 1862 praeerat,

182 1876 260 1952 satis
292 1879 411 1954 firmas
447 1905 486 1952 11
515 1879 673 1978 legiones
688 1882 832 1956 'babere
854 1878 1089 1962 existimabat.
1137 1881 1187 1956 Τ.

183 1995 388 2072 Labienum
414 1997 517 2072 adse
541 2017 687 2074 evocat:
714 1999 968 2099 legionemque
989 2023 1079 2090 xri,
1105 2023 1187 2098 quse

184 2139 334 2192 tumeo
361 2115 475 2194 fuerat
498 2117 538 2193 in
562 2117 730 2210 hibernis,
759 2119 798 2194 in
818 2119 999 2218 Togatam
1026 2118 1185 2194 Galliam

182 2237 305 2332 mittit,
323 2239 371 2314 ad
391 2237 545 2312 colonias
569 2236 705 2314 civium
731 2243 980 2316 Romanorum
1008 2239 1158 2316 tuendas
1170 2266 1185 2328 ς

164 2383 229 2441 ,ne
254 2358 355 2456 quod
373 2357 483 2434 fimile
507 2356 779 2434 incommodum
796 2358 968 2436 accideret
984 2359 1187 2436 decurfione
1324 2411 1329 2418 κ

182 2478 429 2572 herbatorum,
451 2495 492 2553 au
517 2477 695 2578 superiore
720 2478 834 2554 estare
849 2477 1067 2578 Tergestinis
1093 2475 1187 2555 acci·

180 2596 284 2674 diffet
296 2627 309 2688 3
346 2597 411 2698 qui
434 2598 621 2698 repentino
646 2597 827 2674 latrocinio
850 2619 957 2697 atque
980 2597 1103 2696 inpetu
1123 2621 1185 2674 eo·

93 2715 96 2722 ’
182 2743 265 2816 rum
289 2737 388 2794 erant
414 2720 575 2819 obpreffi.
625 2718 703 2818 Ipse
734 2719 780 2796 ad
805 2717 992 2794 vastandos
1019 2716 1182 2817 depopu-

181 2834 375 2935 landosque
408 2840 497 2912 fines
525 2837 749 2938 Ambiorigis
777 2837 1030 2937 proficiscitur:
1074 2861 1185 2936 quent

140 2993 145 2998 ·
181 2943 409 3054 perterritum
436 2980 478 3030 ac
502 2954 700 3054 fugientem
725 2982 839 3054 quum
866 2956 979 3056 redigi
1010 2958 1109 3054 poffe
1141 2957 1181 3032 in

179 3073 279 3152 fitam
303 3074 512 3173 potestatem
534 3073 754 3172 desperallet,
782 3074 988 3172 proximum
1004 3073 1073 3150 suae
1100 3075 1183 3174 dig-

29 3213 30 3216 ’
178 3191 297 3272 nitatis
309 3195 378 3270 elle
392 3193 559 3285 ducebat,
579 3194 671 3268 adeo
695 3193 784 3278 fines
800 3193 874 3293 ejus
885 3194 1018 3269 vastare
1029 3192 1182 3289 civibus,

179 3312 353 3418 adiiieiis,
388 3337 529 3413 pecore,
559 3331 599 3388 ut
634 3313 719 3388 odio
745 3312 886 3390 suorum
913 3310 1119 3404 Ambiorix,
1158 3317 1183 3390 n

180 3459 284 3535 quos*
311 3431 451 3532 fortuna
483 3431 614 3510 feciffet
652 3432 819 3534 reliquos,
851 3434 990 3515 nullum
1030 3432 1183 3532 reditum
1241 3501 1247 3520 ,

179 3573 323 3654 propter
338 3572 452 3632 tantas
471 3553 685 3636 calamitates
701 3555 843 3632 haberet
860 3553 897 3628 in
914 3551 1107 3650 ciuitatem.¹
1217 3640 1223 3648 Ι
