2866 4754
292 437 358 525 148
401 473 404 478 2
527 432 1018 528 C.Jur.11Cnsan1s

289 579 494 700 magnisque
525 600 726 676 intervallis·
750 600 1008 701 proeliarentur,
1040 596 1279 698 stationesque

287 720 462 820 dispofitas
479 725 659 814 haberent,
677 741 783 821 atque
798 722 883 798 alios
905 720 962 796 alii
980 718 1146 819 deinceps
1172 719 1278 804 exci-

288 862 425 940 perent,
457 842 659 942 integrique
684 845 737 918 ὅτ
747 861 900 917 recentes
928 839 1146 941 defatigatis
1143 837 1278 924 ··Iucce

284 964 417 1040 derent.

259 1166 261 1176 ,
333 1084 450 1157 XVII.
476 1046 614 1158 Posteio
632 1082 689 1158 die
706 1086 827 1182 procul
844 1109 866 1158 a
881 1079 994 1160 castris
1011 1019 1152 1160 hostes
1142 1109 1181 1158 rn
1198 1011 1276 1156 col-

284 1158 377 1286 libus
405 1201 644 1294 constiterunt,
662 1203 798 1304 rarique
818 1202 853 1279 se
867 1204 1062 1296 ostendere,
1086 1202 1274 1293 Salonius,

284 1347 391 1421 quarn
407 1322 530 1422 pridie,
548 1323 677 1399 nostros
692 1323 824 1423 equites
835 1323 965 1424 proelio
978 1325 1135 1401 laceffere
1148 1345 1274 1421 coepe·

285 1462 376 1517 runt.
425 1443 492 1517 Sed
509 1442 668 1536 meridie,
687 1470 798 1544 quum
815 1445 927 1530 Caesar
942 1444 1132 1544 pabulandi
1156 1441 1278 1520 cauffa

286 1589 338 1646 ιιι
374 1562 540 1662 legiones,
574 1583 678 1662 atque
704 1589 847 1638 omnem
879 1563 1079 1663 equitatum.
1105 1589 1195 1638 curn
1226 1563 1273 1638 C.

282 1681 462 1764 Trebonio
485 1682 600 1782 legato
615 1683 764 1775 rnififfet,
782 1702 924 1782 repente
938 1709 984 1758 ex
999 1681 1166 1766 omnibus
1187 1707 1274 1781 par·

283 1800 374 1898 tibus
395 1801 451 1894 ad
463 1804 679 1900 pabulatores
698 1804 963 1896 advolaverunt,
981 1803 1039 1896 stc,
1056 1801 1109 1877 uti
1124 1805 1173 1880 ab
1199 1806 1276 1902 sag·

283 1921 336 1996 nis
362 1921 625 2022 legionibusque
646 1950 718 1998 non
738 1924 941 2002 abristerent.
988 1922 1126 2015 Nostri,
1142 1922 1273 2014 acriter

281 2042 319 2140 in
336 2069 394 2117 eos
420 2042 542 2142 inpetu
566 2043 671 2135 facto,
687 2033 917 2143 repulerunt:
944 2070 1059 2145 neque
1079 2047 1192 2118 finem
1205 2042 1270 2124 ¹se·

281 2163 414 2265 quendi
442 2163 609 2256 fecerunt,
642 2166 760 2264 quoad
786 2164 935 2242 subsidio
967 2168 1087 2240 confifi
1113 2161 1269 2264 equites,

283 2311 394 2381 quum
412 2283 489 2380 post
516 2283 550 2358 se
577 2285 730 2383 legiones
745 2285 916 2375 viderent,
934 2284 1144 2384 praecipites
1149 2282 1269 2372 hostes

282 2419 450 2510 egerunt.
494 2427 694 2500 magnoque
733 2428 856 2478 eorum
888 2429 1036 2480 numero
1064 2403 1267 2493 interfecto,

280 2546 394 2628 neque
420 2518 471 2594 sui
499 2521 714 2620 conligendi,
741 2547 856 2620 neque
881 2522 1100 2616 consrstendi,
1129 2543 1191 2598 aut
1220 2548 1269 2598 ex

279 2641 402 2730 elIedis
431 2640 609 2752 desrliendi
633 2640 836 2718 facultatem
861 2641 1043 2727 dederunt.
1109 2643 1169 2715 Ex
1197 2643 1269 2717 hac

278 2757 364 2857 fuga
390 2758 561 2856 protinus,
574 2783 667 2859 quae
693 2759 849 2860 undique
864 2778 1109 2852 convenerant,
1130 2735 1268 2852 auxilia

279 2877 517 2978 discederunt,
545 2905 658 2979 neque
675 2880 753 2978 post
769 2879 806 2956 id
822 2899 960 2978 tempus
977 2904 1147 2979 umquam
1165 2877 1263 2974 sum·

280 2997 346 3086 mis
362 2998 542 3075 nobiscum
559 2999 672 3100 copiis
691 3001 805 3076 hostes
822 3000 1116 3079 contenderunt.

256 3103 294 3204 ’,
308 3121 462 3220 XVIII.
485 3119 612 3212 Caesat,
640 3121 784 3222 cognito
805 3121 949 3197 consalio
970 3145 1106 3213 eorum,
1129 3123 1175 3196 ad
1193 3123 1259 3196 flu·

278 3266 361 3317 men
392 3241 613 3333 Tamesrn,
602 3267 641 3316 rn
675 3243 761 3316 fines
794 3241 1035 3334 Cassivellauni
1069 3235 1260 3336 exercitum
1408 3305 1409 3326 ,

229 3437 233 3442 .
278 3361 393 3458 duxit.
442 3363 550 3462 and
576 3365 709 3438 flumen
733 3362 970 3438 unoomnino
987 3361 1257 3459 locopedibus,
1407 3383 1408 3418 t

228 3561 233 3568 ,
278 3501 388 3578 atque.
401 3483 469 3557 hoc
489 3507 597 3581 aegre,
614 3482 743 3590 transtri
766 3481 902 3581 potest.
941 3483 996 3556 Eo
1012 3507 1124 3580 quum
1148 3477 1257 3570 venis-
1405 3539 1406 3609 q

277 3599 338 3691 set,
367 3601 526 3678 animum
548 3601 712 3694 advertit,
726 3603 783 3692 ‚ad
802 3603 944 3689 alteram
967 3599 1121 3676 fluminis
1144 3598 1258 3698 ripam
1404 3629 1405 3704 l

278 3745 425 3820 magnas
441 3725 508 3797 elle
530 3721 646 3820 copias
667 3721 819 3800 hostium
836 3721 1024 3816 insttudas.
1073 3718 1170 3821 Ripa
1194 3745 1254 3794 au·
