2932 4750
407 413 458 464 ns
483 391 614 467 Brenno
641 392 829 470 Gnnnrco
854 392 944 468 Lrn.
962 393 1008 472 11.
1149 399 1194 496 ⁶7

217 552 291 640 loct
314 581 436 664 aperta
464 564 696 665 pertinebant,
726 567 895 642 cedentes
923 563 1074 666 insequi·
1088 571 1197 645 aude·

89 713 98 724 ⁴
215 704 313 773 rent;
339 685 480 760 interim
496 685 649 785 legiones
665 687 738 778 lex,
772 712 853 786 quoe
871 687 992 787 primae
1011 711 1193 782 venerant,

182 848 184 853 ·
213 795 318 905 opere
333 804 506 898 dimenso,
520 807 626 882 castra
642 806 778 882 munire
792 829 988 906 eoeperunt.
1029 811 1104 885 Ubi
1122 811 1192 910 pri·

211 945 268 1003 tna
298 927 536 1027 inpedimenta
556 927 659 1002 nostri
688 926 860 1002 exercitus
885 931 930 1004 ab
966 929 1034 1020 bis,
1069 929 1193 1029 quiin

211 1048 298 1122 filvis
315 1049 426 1124 abditi
441 1051 609 1141 latebant,
635 1036 707 1128 viso
727 1047 830 1134 sunt;
856 1051 951 1146 quod
976 1071 1115 1148 tempus
1137 1051 1191 1126 in·

209 1183 263 1242 ter
277 1193 338 1244 eos
350 1167 595 1245 committendi
609 1167 725 1264 proelii
742 1189 965 1259 convenerat,
991 1169 1039 1244 ita
1048 1190 1087 1244 ut
1102 1171 1193 1249 intrt

208 1292 312 1364 srlvas
336 1290 451 1364 aciem
477 1286 681 1387 ordinesque
704 1287 963 1378 constituerant,
997 1308 1103 1388 atque
1131 1291 1193 1389 ipn

206 1407 278 1482 sese
294 1411 597 1500 confirmaverant,
617 1397 730 1484 subito
751 1407 917 1484 omnibus
933 1407 1044 1510 copiis
1067 1430 1193 1507 provo-

168 1585 171 1594 .
207 1531 382 1619 laverunt,
408 1512 637 1628 inpeturnque
660 1529 697 1604 in
713 1531 849 1605 nostros
875 1530 1009 1628 equites
1024 1528 1192 1606 fecerunt.

208 1647 280 1726 His
301 1647 400 1724 facile
426 1651 543 1748 pulsrs,
571 1675 612 1726 ac
640 1649 865 1748 proturbatis,
889 1649 1083 1727 incredibili
1100 1652 1190 1728 cele·

208 1770 365 1845 ritatead
380 1774 515 1846 ‘flumen
532 1771 826 1858 decucurrerunt3
846 1791 886 1846 ut
898 1761 1082 1870 paene'uno
1098 1792 1189 1850 tent·

208 1913 293 1988 pore
311 1895 345 1966 δι
360 1893 407 1964 ad
424 1893 536 1982 filvas,
556 1892 643 1965 &in
660 1891 820 1979 flumine,
841 1889 1012 1990 &jamin
1029 1885 1191 1966 manibus

208 2006 331 2086 nostris
347 2009 458 2086 hostes
473 2011 684 2086 viderentur.
735 2011 872 2086 Eadem
889 2029 1006 2090 autem
1019 2010 1193 2084 celeritate

208 2127 354 2207 adverso
370 2129 459 2206 colle
475 2133 522 2204 ad
546 2131 663 2204 nostra
682 2130 805 2221 castra,
833 2132 939 2228 atque
963 2154 1037 2221 eos,
1066 2129 1129 2228 qui
1148 2129 1193 2204 in

207 2271 317 2352 opere
334 2249 495 2348 occupati
512 2269 620 2339 erant,
648 2251 1113 2326 contenderunt..

222 2373 342 2448 X-X.
355 2351 493 2446 lcaesari
510 2371 630 2446 omnia
644 2393 719 2468 uno
736 2389 892 2469 tempore
907 2389 1014 2445 erant
1025 2372 1186 2470 agenda:

194 2493 383 2572 'vexillum
399 2491 681 2592 proponendum,
714 2492 895 2590 quoderat
912 2490 1060 2590 insigne,
1079 2511 1190 2590 quum
1277 2553 1279 2557 .

208 2616 252 2690 acl
275 2635 372 2690 arma
395 2612 557 2690 concurri
582 2631 783 2712 oporteret:
817 2615 955 2712 signum
989 2612 1076 2686 tuba
1102 2609 1190 2684 dnn·

208 2735 318 2810 dum:
354 2734 401 2812 ab
432 2757 539 2832 opere
569 2731 757 2810 revocandi
790 2732 942 2808 milites:
980 2731 1042 2829 qui
1070 2731 1189 2831 paullo

103 2850 107 2856 ’
209 2854 361 2954 longius,
387 2847 523 2954 aggeris
539 2854 680 2954 petendi
703 2857 832 2945 osolla,
857 2855 1104 2952 processerant,
1132 2879 1187 2928 ar·

182 2975 378 3050 pellendi:
416 2975 505 3050 acies
536 2975 760 3051 instruendo:
795 2974 924 3050 milites
951 2973 1187 3048 cohortandi:

207 3097 345 3195 fignum
360 3096 530 3172 dandum.
570 3099 731 3195 Qtarum
747 3091 864 3168 rerum
876 3113 1043 3192 magnam
1056 3111 1192 3188 partem

207 3209 378 3316 temporis
393 3216 557 3306 brevitas,
581 3217 615 3288 δι
632 3215 803 3289 successus
820 3218 853 3286 δι
871 3209 1191 3288 incursus-hostium

206 3335 420 3436 inpediebat.
470 3334 542 3411 His
559 3331 824 3408 difficultatibus
835 3333 914 3404 duae
931 3355 982 3404 res
999 3348 1095 3406 erant
1110 3328 1190 3406 sub·

208 3457 308 3549 tdio,
332 3455 473 3533 scientia
497 3475 604 3554 atque
628 3452 709 3529 usus
731 3450 910 3540 militum
939 3451 1038 3550 quod
1060 3448 1187 3550 lbperi

208 3578 332 3656 oribus
342 3575 476 3679 proeliis
492 3563 682 3666 exercitbti,
703 3573 790 3674 quid
807 3572 880 3648 fieri
895 3589 1084 3675 oporteret,
1117 3597 1189 3646 non

210 3701 327 3782 tniuus
354 3687 541 3779 commode
561 3697 630 3797 lpfi
656 3695 719 3771 fibi
749 3686 978 3810 prescribere,
1008 3717 1116 3792 quarn
1142 3694 1192 3766 ab
1205 3737 1219 3746 --
1328 3727 1333 3739 ·

722 3805 830 3934 Fe·
