2932 4750
135 353 137 358 Ι
271 421 319 510 7⁰
535 383 578 468 C.
602 393 737 491 jusu
763 393 971 477 Cmsanrs

270 596 347 672 pars
356 590 476 670 aperto
492 571 596 663 latere
612 569 768 671 legiones
780 568 1044 658 circumvenire,
1063 592 1141 667 pars
1155 566 1249 646 sum·

269 717 368 766 mum
385 693 577 769 castrorum
592 692 712 766 locum
733 709 849 790 petere
864 689 984 788 coepit.
1162 751 1179 782 „

317 813 455 890 XXIV.
481 814 619 886 Eodem
634 831 794 911 ternpore
804 809 938 911 equites
953 807 1074 901 nostri,
1096 807 1250 908 levisque

269 952 450 1014 armaturae
467 931 613 1031 pedites,
644 933 707 1031 qui
732 958 815 1008 cum
841 930 881 1006 iis
897 952 967 1006 una
991 929 1139 1021 fuerant,
1161 955 1251 1028 quos

268 1051 550 1150 primo-hostiurn
569 1054 689 1152 inpetu
706 1054 822 1152 pulsos
836 1052 1008 1144 dixemm,
1034 1076 1147 1152 quum
1162 1049 1196 1124 so
1211 1050 1250 1131 in

270 1172 380 1248 castra
409 1173 618 1272 reciperent,
652 1175 800 1249 adversis
826 1173 984 1250 hostibus
1011 1173 1249 1262 occurrebant,

268 1317 310 1370 oc
338 1292 452 1372 rursus
479 1293 581 1370 aliam
609 1294 645 1368 in
674 1314 808 1394 partem
834 1293 956 1394 fugam
986 1295 1174 1393 petebant:
1212 1295 1248 1366 δι

269 1413 421 1504 calones,
446 1414 507 1512 qui
523 1416 568 1489 ab
585 1417 792 1490 Decumana
807 1433 920 1512 porta,
945 1439 987 1488 ac
1009 1413 1147 1491 summo
1158 1409 1250 1512 jugo

268 1533 380 1623 collis,
404 1534 536 1614 nostros
559 1533 714 1608 vidores.
728 1537 863 1614 flumen
889 1535 1052 1624 transilio,
1079 1523 1249 1631 consperto

269 1673 378 1743 orant,
406 1638 585 1750 praedandi
602 1657 861 1753 cauffaegreffi,
884 1681 997 1754 quum
1012 1652 1250 1751 respexissent,¹
1347 1737 1350 1744 ,

268 1775 302 1844 dr
321 1771 442 1852 'hostes
466 1773 504 1852 in
526 1773 645 1848 nostris
667 1774 784 1873 castris
812 1775 935 1856 versari
960 1773 1132 1865 vidiffent,
1162 1799 1250 1873 prae-.

269 1891 390 1990 cipites
418 1892 511 1994 lugae
537 1893 605 1971 sese
630 1896 867 1976 mandabantz
902 1896 1003 1972 fimul
1025 1921 1160 1985 eorum,
1189 1894 1253 1993 qui

270 2039 353 2089 cum
369 2011 614 2113 inpedimentis
640 2017 841 2109 veniebant,
871 2017 1004 2094 clamor
1024 2009 1252 2112 fremitusque

270 2133 467 2223 oriebatur;
497 2137 626 2236 aliique
642 2137 747 2214 aliam
773 2137 811 2232 in
829 2158 962 2237 partem
980 2135 1149 2238 perterriti
1163 2134 1250 2209 fere-

268 2258 404 2341 bantur.
453 2257 592 2354 Qribus
620 2259 784 2334 omnibus
811 2261 913 2334 rebus
942 2257 1091 2357 permoti
1120 2255 1252 2355 equites

158 2426 161 2434 -
268 2374 423 2465 Treviri,
449 2400 600 2472 quorum
627 2374 716 2451 inter
739 2378 862 2452 Gallos
891 2377 1027 2451 virtutis
1056 2376 1252 2474 opinioest

269 2483 462 2594 singularis,
488 2495 563 2594 qui,
590 2495 712 2576 auxilii
733 2495 847 2572 caulis
862 2499 908 2575 ab
924 2481 1063 2574 civitate
1079 2495 1181 2586 miffi,
1206 2495 1252 2576 ad

159 2615 165 2630 ⁸
270 2615 438 2693 Cesaram
469 2635 648 2707 venerant,
685 2641 796 2715 quum
839 2614 1064 2690 multitudino
1098 2615 1253 2694 hostium

269 2736 375 2813 castra
401 2734 517 2810 nostra
544 2735 728 2835 compleri,
757 2735 912 2836 legiones
934 2735 1061 2834 premi,
1090 2739 1126 2810 δε
1150 2761 1253 2834 paeno

270 2853 521 2932 circumventas
538 2855 662 2950 teneri,
691 2858 844 2948 ealones,
872 2846 1018 2956 equites,
1043 2853 1251 2949 lirnditores,

268 2974 457 3069 Numidas,
485 2972 636 3054 diversos
664 2975 906 3076 diffipatosque
927 2977 964 3050 in
993 3001 1117 3052 omnes
1139 2995 1252 3078 postes

267 3096 390 3198 fugere
406 3097 580 3189 indidem,
606 3095 789 3196 desperatis
813 3096 937 3174 nostris
957 3100 1075 3191 rebus,
1101 3097 1252 3174 domum

269 3221 544 3300 contenderunt:
571 3223 755 3298 Romanos
773 3218 1155 3320 pulsossuperatosquo,
1178 3215 1250 3293 cas-

269 3337 328 3414 tris
345 3339 658 3440 inpedimentisque
673 3365 796 3422 eorum
820 3339 935 3418 hostes
951 3340 1094 3439 potitos,
1118 3338 1255 3414 civitati·

269 3458 569 3542 renunciaverunt.
864 3539 866 3543 ,

318 3580 437 3653 XXV.
463 3579 590 3672 Caesar,
619 3582 665 3654 ab
681 3580 826 3686 decimae
850 3580 996 3681 legionis
1012 3577 1251 3657 cohortatione
1292 3567 1305 3602 ⁸

270 3699 315 3784 ed
340 3700 503 3782 dextrum
531 3727 640 3779 cornu
668 3699 867 3802 profedusr
899 3701 963 3783 ubi
987 3701 1066 3786 suos
1090 3697 1248 3808 urgueri)
