2932 4750
264 393 267 402 '
406 407 456 459 ue
480 387 612 460 Beato
640 385 829 460 Getarco
847 385 945 460 Lra.
960 385 988 459 1.
1142 407 1188 484 47

207 561 361 662 delegit3
395 563 543 662 acieque
564 561 689 661 triplici
714 561 890 654 instrueia,
914 562 961 636 ad
980 581 1064 636 eum
1080 561 1200 634 locum

206 682 315 756 verrit.
364 684 520 758 Primam
541 683 781 758 &secundam
802 681 912 758 aciem
930 681 967 756 in
991 678 1097 756 armis
1113 679 1198 770 effe,

203 803 344 883 tertiam
364 804 472 879 castra
495 803 632 880 munire
649 801 758 902 jussit.
807 803 882 879 Hic
910 802 1008 878 iocus
1031 803 1078 876 ab
1099 798 1203 874 hoste

204 920 345 997 circiter
371 923 485 1022 paffus
512 925 708 1030 sexcentos,
737 923 788 998 uti
815 925 951 999 dictum
979 921 1043 1013 est,
1068 923 1198 998 aberat.

206 1043 267 1116 Eo
283 1043 417 1118 circiter
442 1045 630 1120 bominum
655 1067 801 1120 numero
826 1067 896 1118 xvi
918 1041 1015 1118 milia
1033 1039 1199 1142 expedita

204 1181 292 1238 oum
317 1165 416 1238 omni
441 1165 596 1262 equitatu
622 1161 818 1238 Ariovistus
843 1162 957 1251 mifit;
982 1185 1062 1261 que
1084 1163 1197 1261 copia·

203 1283 344 1358 nostroe
376 1303 617 1381 penetrarent,
660 1289 695 1358 bt
736 1282 930 1359 munitione
963 1281 1196 1382 prohiberent.

205 1402 336 1476 Nihilo
367 1399 475 1478 seciae
506 1403 633 1496 Cesar,
667 1424 706 1480 ut
733 1426 814 1482 ante
842 1401 1077 1494 constituerat,
1112 1400 1199 1478 duaa

205 1521 299 1606 aciae
326 1522 462 1598 hostem
488 1521 711 1624 pmpulsare3
746 1524 886 1600 tertiam
913 1547 1004 1624 opus
1032 1524 1200 1622 perticere

199 1640 309 1741 juffit.
357 1645 510 1720 Munitis
533 1645 664 1738 castris,
697 1647 782 1720 duas
798 1643 848 1721 ibi
867 1643 1023 1746 legiones
1042 1643 1202 1744 reliquit,

208 1767 243 1838 δι
267 1783 407 1863 partem
423 1763 656 1842 auxiliorum:
689 1787 840 1866 quatuor
859 1766 1009 1866 reliquae
1032 1766 1068 1840 in
1089 1765 1201 1842 castra

208 1874 341 1984 majora
357 1885 509 1960 reduxit.
1198 1915 1200 1920 ·

224 2085 228 2091 ,
257 2009 304 2080 L.
341 2006 508 2080 Proximo
533 2005 605 2098 die,
632 2005 787 2080 instituto
814 2004 875 2080 suo
896 1997 1011 2094 Cesar
1036 2030 1056 2080 e
1083 2004 1202 2079 castris

206 2125 361 2226 utrisque
377 2126 497 2224 copiae
519 2125 593 2200 suas
617 2127 766 2200 eduxite
798 2117 1025 2226 paullumque
1047 2147 1068 2200 a
1091 2123 1200 2223 majo·

207 2249 306 2321 ribus
323 2247 521 2350 progreffua
538 2247 648 2320 aciem
665 2238 844 2334 instruxit;
867 2245 1092 2344 hostibusque
1110 2267 1200 2348 pug-
1295 2289 1297 2296 ,

206 2365 317 2442 nandi
335 2364 544 2464 potestatem
567 2364 660 2440 fecit.
711 2365 785 2442 Ubi
811 2391 855 2442 ne
878 2385 955 2444 tum
974 2367 1119 2467 quidem
1141 2387 1202 2444 eoa

210 2487 352 2588 prodire
376 2487 562 2580 intellexit,
587 2488 721 2564 circiter
745 2489 928 2566 meridiem
947 2489 1142 2564 exercitum
1163 2488 1200 2564 in

209 2609 321 2684 castra
349 2608 500 2684 reduxit.
548 2611 646 2684 Turn
670 2611 816 2686 demum
845 2609 1036 2686 Ariovistus
1066 2627 1203 2708 partem

176 2769 179 2772 ·
210 2726 349 2804 suarum
366 2727 560 2827 copiarum,
587 2753 665 2828 quae
682 2731 790 2806 castra
811 2730 948 2806 minora
963 2733 1199 2832 obpugnaret,

211 2849 313 2924 mint.
392 2849 531 2924 Acriter
546 2931 547 2934 Ἴ
563 2850 753 2950 utrimque,
787 2849 893 2950 usque
925 2851 972 2926 ad
1002 2849 1200 2951 vesperum,

212 2985 410 3068 pirgmtum
445 2971 505 3044 est.
560 2970 650 3045 Solia
680 2969 803 3046 occasu
836 2969 909 3047 suas
943 2973 1061 3072 copiae
1096 2967 1202 3048 Arioi

210 3090 332 3180 aristus,
350 3089 468 3165 multis
497 3096 531 3165 bt
555 3083 723 3167 inlatis&
747 3092 901 3190 acceptis
922 3092 1137 3181 rumenboa,
1165 3091 1202 3164 in

212 3209 323 3284 castra
339 3211 490 3286 reduxit.
541 3214 666 3309 Qum
693 3231 738 3284 ex
761 3201 908 3310 captivis
935 3226 1104 3312 quareret
1121 3211 1200 3285 Ca-

211 3329 275 3421 sat,
294 3335 553 3429 quamobrem
570 3325 765 3404 Ariovistus
775 3329 903 3429 proelio
915 3351 986 3404 non
997 3329 1201 3423 decertaret,v

211 3452 302 3526 benc
325 3452 517 3550 reperiebat
541 3447 718 3526 cnuffama
752 3447 864 3550 Qrod
889 3453 984 3548 apud
1007 3447 1202 3528 Germanou

212 3597 255 3646 ea
277 3572 493 3650 consuetudo
519 3571 615 3664 effet,
634 3591 673 3652 ut
695 3571 961 3658 matresfamiliae
985 3591 1107 3649 eorum
1131 3571 1201 3650 sor·

213 3692 306 3777 tibae
331 3699 371 3778 δι
388 3691 694 3776 vaticinationibus
713 3691 938 3788 declararent,
964 3715 1082 3772 rurum
1107 3713 1202 3796 ptum
