2814 4754
344 377 396 430 oe
417 353 547 430 Burro
570 349 759 424 Gnatrco
784 347 878 426 Lra.
894 346 978 424 vn.
1078 367 1154 450 245¹

160 521 433 626 magistratibus,
466 527 550 601 effet
574 544 724 619 creatus,
757 523 962 625 potestatem
989 521 1151 600 obtinere

154 643 263 746 juffit.

152 841 156 853 .
207 769 391 846 XXXIV.=
419 769 506 848 Hoc
533 769 674 846 decreto
691 761 918 868 'interpofito,
951 767 1156 844 cohortatus

158 890 316 983 AEduos,
329 911 380 966 ut
395 894 709 970 controverfiarum
733 914 775 964 ac
797 890 1042 967 dissentionum
1058 888 1150 965 obli·

65 1070 69 1077 .
158 1009 384 1107 viscerentur,
400 1031 521 1112 atque,
538 1012 706 1088 omnibus
721 996 849 1088 omiffis
862 1011 916 1086 his
931 1016 1050 1104 rebus,
1068 1009 1152 1086 huic

159 1133 258 1209 bello
285 1132 463 1222 servirent,
504 1157 629 1230 eaque,
654 1159 735 1232 quae
764 1131 977 1224 meruiffent,
1008 1132 1154 1232 praernia

157 1257 207 1330 ab
224 1251 274 1344 se,
299 1251 441 1328 devida
454 1252 585 1344 Gallia,
608 1252 862 1353 exspedlarent,
886 1250 1155 1351 equitatumque

158 1388 323 1466 omnem,
355 1378 390 1449 δι
407 1373 566 1472 peditum
594 1373 692 1450 milia
715 1401 741 1449 x
768 1372 831 1450 fibi
857 1373 1012 1450 celeriter
1035 1373 1153 1448 mitte·

158 1514 253 1586 rent,
285 1519 365 1594 quae
381 1494 418 1570 iri
434 1494 597 1594 praefidiis
622 1495 671 1571 rei
695 1493 930 1572 frumentaria
945 1495 1060 1570 caulla
1083 1492 1152 1569 dis-

159 1637 332 1720 poneret3
357 1614 609 1694 exercitumin
635 1617 723 1694 duas
739 1636 852 1718 partes
868 1615 1006 1694 divite:
1034 1639 1079 1691 ru·
1101 1618 1153 1691 le·

160 1737 286 1838 giones
310 1738 349 1813 in
374 1740 529 1818 Senones
552 1737 763 1839 Parisrosque
787 1737 951 1814 Labieno
975 1737 1155 1814 ducendas

60 1907 67 1920 -
160 1857 290 1932 dedit:
317 1882 361 1932 vr
388 1857 513 1956 ipsein
531 1861 724 1948 Arvernos,
747 1859 791 1932 ad
814 1856 992 1956 oppidum
1015 1857 1153 1957 Gergo-

160 1978 258 2055 viam
273 1975 616 2079 secundum-flumen
634 1979 777 2071 Elaver,
799 1975 915 2052 duxit.
966 1975 1155 2076 Equitatus

163 2115 302 2200 partem
331 2096 383 2171 illi
410 2096 591 2188 adtribuit,
618 2101 753 2196 partem
782 2096 846 2174 srbi
872 2095 1024 2196 reliquit.
1073 2099 1156 2197 Qua

160 2244 202 2296 re
214 2216 370 2316 cognrta,
383 2216 668 2318 Vercingetorix,
685 2216 852 2294 omnibus
864 2215 1158 2320 interruptisque

162 2337 323 2416 fluminis
350 2337 530 2437 pontibus,
568 2341 615 2416 ab
637 2341 749 2416 altera
774 2333 937 2416 'Elaveris
964 2359 1063 2441 parte
1087 2338 1155 2418 iter

117 2477 121 2484 '
162 2457 281 2536 facere
297 2459 418 2560 coepit.
682 2477 686 2484 ·
1002 2479 1005 2486 ’
1179 2563 1183 2568 ¹

213 2581 373 2659 XXXV.
398 2585 525 2682 Qum
548 2601 698 2683 uterque
717 2583 857 2683 utrique
871 2583 957 2659 effer
982 2581 1156 2672 exercitur

160 2701 202 2798 in
219 2701 422 2803 conspeetu,
449 2703 590 2803 fereque
610 2704 792 2818 eregione
819 2703 935 2781 castris
951 2703 1063 2781 castra
1087 2729 1153 2802 po·

163 2842 287 2920 neret3
322 2822 499 2932 dispositisx
529 2826 820 2922 exploratoribus,
862 2825 991 2902 necubi
1029 2822 1156 2904 efferto

164 2929 277 3045 ponte
293 2945 450 3025 Romani
466 2945 587 3042 copias
609 2943 889 3032 transducerent3
915 2965 988 3020 erat
1000 2945 1038 3020 in
1054 2969 1156 3043 mag-

166 3064 220 3141 nis
237 3062 364 3138 Caesari
380 3065 643 3139 difficultatibus
669 3089 737 3154 res,
766 3090 812 3138 ne
840 3060 1010 3163 majorem
1028 3063 1158 3139 'astatis

168 3203 305 3286 partem
322 3183 469 3258 flumine
494 3183 728 3282 inpediretur3
757 3175 857 3282 quod
879 3210 952 3258 non
980 3182 1052 3258 fere
1079 3203 1159 3259 ante

168 3304 379 3388 autumnum
398 3292 527 3380 Elaver
542 3305 637 3380 vado
652 3303 781 3396 transtri
804 3303 901 3385 solet.
950 3304 1099 3403 Itaque,
1114 3329 1160 3382 ne

169 3425 206 3500 id
221 3425 407 3518 accideret,
434 3425 572 3502 silvestri
589 3427 670 3504 loco
687 3425 801 3500 castris
819 3424 949 3525 pofitis,
973 3450 995 3499 e
1011 3426 1159 3532 regione

169 3547 272 3624 unius
289 3573 414 3624 eorum
436 3548 614 3648 pontium,
643 3573 732 3663 quos
744 3547 1017 3651 Vercingetorix
1033 3539 1158 3625 rescin-

168 3669 523 3764 dendoscuta'verat,
546 3671 682 3774 postero
704 3669 762 3744 die
787 3695 871 3746 cum
898 3694 934 3746 rr
958 3669 1159 3772 legionibus

638 3795 731 3890 rr
779 3805 782 3822 ·

995 3951 1024 4004 ¹
1120 3963 1157 4020 (Ὗ
1222 3951 1225 3960 ⁴

1128 4053 1155 4078 r.
