2866 4754
411 417 463 468 on
486 395 619 480 Bnnto
640 393 829 470 Gntntco
855 392 946 470 Lrs.
963 391 1033 470 111.
1168 399 1213 498 83

231 549 382 642 culmina
400 565 549 668 Alpium
572 593 743 668 occupare
770 567 900 660 conari,
929 573 963 643 δι
980 593 1022 644 ea
1037 569 1118 644 loca
1133 565 1215 646 fini-

228 685 324 762 timae
353 688 545 787 provinciae
566 687 770 790 adjungere,
795 688 857 765 fibi
885 689 1078 789 persuasum
1106 693 1215 768 habe·

228 809 326 884 bant.
731 849 734 856 ·

278 927 349 1030 ΙΙΙ.
381 929 452 1006 His
478 929 614 1008 nunciis
639 929 804 1030 acceptis,
835 934 973 1018 Galba3
1012 957 1123 1032 quum
1151 957 1214 1008 ne·

223 1073 295 1150 que
312 1076 402 1152 opus
413 1051 661 1142 hibernorum,
689 1049 967 1150 munitionesque
986 1055 1089 1151 plene
1104 1055 1211 1130 ellent

225 1169 404 1272 perfectae,
437 1195 554 1271 neque
579 1173 624 1246 de
650 1169 840 1263 frumento,
876 1170 1082 1273 reliquoque
1114 1201 1212 1251 cont·

224 1311 346 1368 meatu
388 1289 467 1366 satis
512 1293 594 1366 ellet
630 1290 837 1390 provisum
882 1293 994 1390 quod,
1039 1293 1216 1371 deditione

100 1439 103 1445 ·
225 1409 333 1504 fasta,
349 1415 351 1430 '
369 1411 610 1512 obfidibusque
640 1412 805 1512 acceptis,
847 1412 934 1488 nihil
967 1414 1014 1490 de
1046 1415 1141 1490 bello
1173 1413 1217 1489 ti-

225 1533 400 1610 mendum
416 1531 670 1631 existimaverat
682 1563 694 1622 ;
729 1533 869 1611 confilio
897 1533 1054 1614 celeriter
1082 1559 1214 1612 convo·

140 1736 142 1750 Ι
225 1673 320 1746 cato,
334 1652 527 1730 :sententias
542 1653 726 1755 exquirere
742 1656 864 1754 coepit.
900 1661 984 1758 Qro
1000 1657 1037 1732 in
1054 1655 1213 1752 confilio,

221 1797 336 1873 quum
351 1794 491 1850 tanturn
506 1775 678 1873 repentini
696 1775 842 1874 periculi
868 1796 991 1874 prater
1008 1777 1214 1876 opinionem

222 1894 411 1987 accidisset,
441 1893 572 1994 acjam
594 1895 801 1974 omniafere
823 1894 999 1992 superiora
1016 1899 1095 1970 loca
1122 1901 1214 1972 rnul-

222 2013 374 2092 titudine
396 2035 617 2091 armatorum
635 2017 812 2113 completa
833 2012 1128 2113 conspicerentur,
1153 2043 1214 2098 ne-

225 2161 299 2234 que
314 2133 467 2210 subfidio
483 2134 612 2226 veniri,
638 2159 754 2232 neque
771 2154 986 2210 commeatus
1006 2135 1214 2233 subportari,

222 2255 417 2332 interclufis
444 2255 639 2346 itineribus,
661 2256 820 2354 polient3
857 2281 966 2354 prope
986 2253 1064 2354 jorn
1092 2257 1214 2356 despe-

222 2395 301 2452 rata
329 2374 449 2468 salute,
479 2378 657 2452 nonnullae
685 2375 883 2478 hujusmodi
912 2376 1088 2454 sententiae
1118 2378 1213 2454 dice-

223 2499 368 2588 bantur,
392 2516 448 2588 ut,
472 2485 719 2595 inpedimentis
742 2498 881 2591 relictis,
905 2499 1092 2603 'eruptione
1107 2498 1210 2590 facia,

223 2615 345 2694 iisdem
362 2615 557 2712 itineribus,
576 2613 705 2720 quibus
728 2646 771 2695 eo
795 2620 1037 2719 perveniffent,
1063 2620 1109 2699 ad
1127 2618 1214 2695 salu·

223 2759 297 2814 tent
322 2739 586 2816 contenderent.
635 2739 764 2842 Majori
800 2761 920 2818 tamen
947 2742 1037 2840 parti
1066 2741 1211 2839 placuit,

225 2860 294 2934 hoc
315 2858 486 2938 reservato
509 2863 554 2936 ad
582 2875 780 2938 extremum
807 2861 963 2954 confilio,
997 2861 1135 2938 interim
1163 2862 1212 2950 rei

225 3001 393 3057 eventurn
407 2983 573 3083 experiri,
601 2988 636 3059 δι
653 2983 763 3058 castra
775 2981 975 3058 defendere.
1167 3071 1170 3074 .

273 3105 338 3179 tv.
362 3105 462 3180 Brevi
489 3104 601 3202 spatio
626 3103 807 3202 interjecto
832 3103 909 3194 vix,
944 3121 984 3176 ut
1011 3099 1065 3174 his
1095 3096 1225 3190 rebus,

227 3225 313 3324 quas
342 3223 608 3315 constituiffent,
648 3221 888 3312 conlocandis,
920 3241 1026 3319 atque
1062 3217 1213 3300 admini-

227 3345 372 3421 strandis
389 3365 529 3444 ternpus
552 3344 708 3436 daretur,
730 3342 846 3418 hostes
871 3367 917 3416 ex
946 3338 1110 3416 omnibus
1136 3367 1214 3439 par-

226 3465 334 3566 tibus,
353 3470 451 3567 signo
466 3468 565 3559 dato,
588 3466 797 3554 decurrere;
827 3463 978 3564 lapides,
1002 3461 1215 3577 gaesaquein

225 3571 361 3662 vallunr
388 3585 572 3687 conjicere.
621 3585 745 3662 Nostri
773 3585 887 3685 primo
915 3583 1058 3686 integris
1081 3583 1214 3659 viribus

228 3703 363 3786 fortiter
378 3733 586 3810 repugnare,
616 3732 732 3808 neque
759 3709 874 3783 ullum
898 3705 1020 3786 frustra
1041 3708 1150 3783 telum
1168 3729 1213 3781 ex

717 3830 751 3903 G
777 3855 799 3904 n
