2850 4752
355 393 407 446 oa
431 371 564 447 Beato
586 367 776 450 Gnaatco
802 339 893 446 Lo.
906 367 1005 482 VIII.
1103 314 1172 468 gai

132 600 134 602 -
178 561 291 622 tatum
305 567 464 639 omnem,
482 545 749 644 Germanosque
765 543 899 643 pedites
914 541 1061 620 sununae
1077 547 1176 622 velo·

177 666 486 760 citatishomines,
512 669 562 743 ad
573 667 683 744 castra
698 663 853 744 hostium
870 663 1078 763 premittit·
1104 663 1177 763 ipse

178 761 358 888 legionem
368 814 484 866 unatn
495 777 538 862 in
564 788 656 866 trina
683 787 792 863 castra
809 785 999 876 distribuit,
1029 785 1176 862 alteram

177 907 296 984 secum
314 909 518 1008 expeditam
535 909 648 983 ducit.
690 912 815 1006 Qum
834 906 976 1006 propius
993 907 1100 981 hostis
1117 932 1175 982 ac·

177 1029 338 1122 ceffiffet,
353 1031 399 1106 ab
416 1027 710 1128 exploratoribus,
732 1053 825 1126 quos
842 1025 1063 1124 praemiserat,
1089 1055 1175 1128 cog·
1194 1103 1197 1108 .

179 1149 305 1242 noscit,
335 1151 446 1225 castra
461 1175 600 1240 eorum,
630 1168 669 1222 ut
687 1149 919 1222 barbarorum
948 1147 1015 1222 fert
1031 1149 1175 1234 consue·

176 1272 283 1364 tudo,
312 1269 439 1344 relidis
457 1268 543 1344 locis
560 1265 810 1366 superioribus,
836 1269 879 1343 ad
906 1268 1000 1366 ripas
1018 1269 1175 1374 fluminis

146 1389 249 1501 ¹effe‘
262 1389 432 1476 demiff23
460 1410 494 1464 ar
521 1392 733 1481 Germanos,
761 1387 964 1488 equitesque
981 1387 1176 1487 inprudenq

177 1510 273 1614 tibus
292 1511 459 1586 omnibus
474 1511 521 1584 de
537 1509 717 1609 inproviso
734 1511 924 1601 advolasse,
954 1511 990 1586 ὅτ
1009 1508 1176 1608 proeliutn
1262 1523 1265 1538 “

168 1631 394 1721 ροωηιὶῑιίῑε.
445 1633 589 1729 Quare
616 1631 773 1730 cognita,
801 1630 980 1730 legionem
1004 1651 1177 1708 armatam

177 1751 628 1850 inibudtarnque‘adducit.
677 1753 745 1842 Ita,
770 1773 913 1849 repente
936 1753 1104 1828 omnibus
1117 1777 1176 1832 „ex
1291 1807 1296 1816 «

178 1871 337 1969 partibus
370 1876 487 1989 fignoj
503 1873 602 1962 dato,
644 1871 723 1944 loca
766 1869 941 1970 superiora
976 1873 1174 1980 capiuntur.

177 1989 291 2093 Quod
308 1991 371 2068 ubi
386 1990 532 2082 accidit,
557 1990 742 2083 Germani,
760 1989 978 2090 equitesque,
1005 1991 1109 2092 fignis
1125 1993 1175 2067 Ie-

166 2110 293 2211 'gionis
303 2113 399 2204 vifis,
417 2110 716 2186 vehementissime
729 2111 944 2209 proeliantur.
980 2111 1176 2190 Confestim
1219 2171 1226 2182 ,

176 2233 341 2328 cohortes
366 2233 526 2332 undique
555 2232 715 2330 inpetum
743 2229 905 2336 faciunt;
940 2231 1177 2333 omnibusque
1201 2299 1203 2304 .

176 2373 251 2445 aut.
266 2351 468 2446 iuterfodis,
496 2371 557 2428 aut
574 2352 698 2451 captis,
730 2378 860 2453 magna
888 2356 1008 2452 praeda
1034 2355 1175 2453 potiun-

133 2503 136 2510 ·
176 2492 247 2548 tur.
297 2472 446 2572 Capitur
462 2473 534 2573 ipse
549 2499 593 2548 eo
612 2474 741 2573 proelio
758 2476 930 2573 Drappes.
1051 2529 1057 2540 ,

227 2597 421 2670 XXXVII.
455 2595 637 2706 Caninius,
666 2591 870 2674 felicissime,
890 2619 926 2670 re
959 2593 1070 2696 gesta,
1105 2597 1175 2669 stne

175 2715 252 2792 ullo
269 2741 376 2814 pano
386 2715 505 2792 militis
519 2719 679 2808 vulnere,
697 2718 743 2792 ad
756 2717 965 2808 obfidendos
977 2714 1174 2816 oppidanos
1241 2723 1249 2734 ‘
1344 2689 1347 2698 ⁴

175 2835 371 2910 revertitur.
409 2837 641 2934 Externoque
657 2837 758 2910 hoste
774 2827 907 2928 deleto,
933 2835 1174 2936 cujustirnore

176 2970 281 3028 antea
307 2978 438 3052 augere
474 2951 645 3051 praefidia,
681 2959 716 3030 δι
745 2957 943 3030 munitione
975 2957 1174 3054 oppidanos

177 3071 396 3150 circumdare
430 3071 625 3183 prohibitus
654 3094 741 3163 erat,
777 3096 886 3174 opera
914 3075 1074 3172 undique
1104 3076 1173 3149 im·
1241 3123 1244 3130 ι
1290 3161 1296 3168 ⁶

176 3215 276 3296 perat
291 3191 535 3280 administrari.
585 3193 693 3276 Venit
718 3195 846 3268 eodern
862 3220 946 3268 curn
970 3193 1038 3269 suis
1062 3193 1174 3292 copiis

177 3315 317 3416 postero
333 3313 391 3389 dre
408 3317 450 3390 C
468 3305 612 3427 Fabius,
639 3333 847 3414 partemque
859 3313 984 3414 oppidi
1005 3313 1122 3390 sumit
1119 3317 1174 3391 ad

176 3437 423 3514 obfidendum.

225 3557 439 3633 XXXVIII.
464 3555 611 3650 Caesarf
602 3552 742 3633 rnterint
760 3561 818 3636 M.
842 3556 1042 3634 Antonium
1061 3557 1169 3656 quas-

47 3685 49 3688 ’
163 3693 289 3798 ,ῐοτσω
315 3705 399 3757 curn
426 3677 632 3757 cohortibus
654 3703 704 3753 xv
728 3678 765 3752 in
788 3679 984 3756 Bellovacis
1003 3667 1175 3830 reiiquitr

652 3801 690 3874 Υ
