2850 4752
267 385 343 478 ada
396 428 400 437 =
463 434 492 452 =-
544 395 587 471 C.
612 394 1016 492 jocaremur·

268 571 296 616 “
313 583 390 644 rent
404 567 442 640 θ’
459 567 584 644 eadem
603 568 650 644 dc
663 566 877 668 profestionc
888 565 1060 678 cogitans,
1079 585 1160 664 quae
1174 581 1257 641 ante

266 683 425 780 senserat,
443 687 600 787 legiones
613 712 661 768 err
673 687 791 782 castris
803 687 952 764 eduxit:
977 685 1161 785 aciemque
1176 683 1257 775 ido·

266 831 335 882 neo
359 810 439 884 loco
461 809 652 885 constituit.
701 809 827 908 Qum
851 805 1121 908 Vercingetorix
1145 805 1259 884 nihilo

268 928 383 1029 magis
413 929 453 1004 in
481 939 627 1029 aequum
654 931 776 1006 locum
800 926 1035 1018 descenderet,
1062 926 1148 1002 levi*
1163 926 1259 1003 sosio

267 1047 418 1148 equestri
444 1050 585 1150 proelio,
609 1069 717 1150 atque
744 1075 787 1126 eo
803 1048 971 1140 secundo,
999 1048 1037 1124 in
1064 1047 1171 1122 castra
1193 1073 1258 1124 ex-

268 1170 415 1251 ercitum
447 1170 598 1246 reduxit.
647 1174 771 1271 Qum
806 1172 877 1246 hoc
903 1168 999 1250 idem
1034 1166 1173 1268 postero
1200 1168 1259 1244 die

267 1289 411 1384 fecisset,
436 1286 515 1366 satis
539 1292 585 1368 ad
601 1291 776 1368 Gallicam
801 1289 1069 1399 ostentationem
1097 1289 1259 1372 minuen-

268 1395 369 1502 dam,
405 1411 632 1512 militumque
659 1412 797 1492 animos
828 1413 1093 1490 confirmandos
1106 1430 1110 1434 ·
1125 1410 1259 1500 sactum

269 1525 487 1624 existimans,¹
509 1532 546 1608 in
565 1533 702 1610 AEduos
715 1533 822 1609 castra
835 1533 958 1610 movit.
1007 1525 1160 1621 Netum
1178 1530 1259 1630 qui-

211 1669 217 1683 *
269 1654 355 1730 dem
371 1652 531 1730 insecutis
546 1654 718 1747 hostibus,
746 1681 798 1729 ιιι
816 1654 875 1729 die
898 1655 943 1728 ad
968 1655 1103 1729 flumen
1128 1654 1261 1732 Elaver

270 1787 414 1874 pontem
431 1773 563 1864 refecit,
590 1796 697 1874 atque
719 1774 913 1856 exercitum
928 1771 1134 1852 transduxit.

317 1898 417 1972 LIV.
438 1895 493 1972 lbi
505 1895 756 1974 aViridomaro
769 1917 874 1995 atque
885 1893 1128 1995 Eporedorige
1140 1891 1256 1969 AEdu·

272 2016 301 2092 is
328 2019 536 2116 adpellatus,
564 2016 679 2112 discit,
704 2045 789 2093 cum
815 2016 915 2096 omni
940 2016 1096 2118 equitatu
1119 2013 1259 2090 litavi·

270 2161 355 2212 curn
372 2135 666 2214 adsollicitandos
682 2135 821 2212 AEduos
838 2122 1036 2236 profestum
1052 2163 1062 2211 ι
1087 2162 1176 2236 opus
1191 2137 1260 2226 else

139 2255 143 2262 ’
271 2256 425 2356 &ipsos
454 2260 649 2357 precedere
681 2260 727 2335 ad
755 2259 1039 2334 confirmandam
1070 2257 1259 2334 civitatem.

271 2379 344 2458 Etsi
373 2378 492 2455 multis
513 2377 590 2478 jam
608 2382 711 2457 rebus
738 2379 921 2477 perfidiam
951 2379 1156 2484 AEduorum
1180 2403 1257 2485 pet·

268 2497 421 2597 spadam
433 2500 598 2591 habebat,
624 2519 731 2599 atque
745 2502 874 2576 horum
886 2499 1031 2583 discessu
1048 2499 1259 2577 admaturari

270 2619 505 2717 desedionem
522 2619 671 2698 civitatis
687 2619 906 2700 existimabat
920 2649 931 2707 3
958 2613 1076 2728 tamen
1093 2647 1154 2698 eos
1179 2620 1260 2699 reti·

269 2741 405 2815 nendos
427 2765 499 2814 non
513 2738 669 2827 censuit}
696 2765 741 2815 ne
759 2758 818 2814 aut
835 2721 962 2814 inserte
978 2737 1142 2839 injuriam
1162 2735 1260 2820 vide·

269 2878 377 2950 retur,
402 2879 463 2933 aut
478 2861 560 2945 darc
577 2859 713 2936 timoris
729 2859 885 2961 aliquam
901 2858 1146 2959 suspicionem.
1180 2861 1257 2942 Dis

271 2979 475 3056 cedentibus
487 2981 557 3074 his,
579 2981 732 3058 breviter
758 2981 818 3058 sua
842 2982 879 3058 in
895 2983 1034 3060 AEduos
1047 2985 1175 3064 merita
1196 3009 1257 3064 ex·

268 3101 393 3204 ponit3
422 3107 451 3148 “
470 3123 573 3203 quos,
596 3108 631 3177 δι
649 3129 758 3203 quam
773 3103 924 3183 humiles
939 3104 1140 3207 accepisset,
1161 3132 1259 3202 com·

145 3231 148 3236 “
271 3231 300 3267 “
318 3222 433 3324 pulsos
449 3222 487 3299 iu
503 3224 648 3324 oppida,
668 3227 834 3328 multatos
849 3225 954 3326 agris,
980 3225 1147 3305 omnibus
1161 3253 1259 3328 erep-

269 3351 302 3422 .“
320 3346 366 3420 tis
386 3344 511 3444 copiis,
535 3344 687 3445 inpofito
710 3345 897 3447 stipendio,
921 3347 1264 3442 obsidibussumma

168 3498 172 3502 ·
272 3470 301 3509 “
317 3491 403 3542 cum
419 3465 632 3542 contumelia
648 3464 807 3558 extortis,
833 3472 867 3542 δι
885 3491 994 3566 quam
1016 3469 1053 3546 in
1066 3469 1260 3561 mariun,

272 3589 301 3628 “
318 3609 499 3685 quamque
522 3587 558 3661 in
581 3586 853 3687 amplitudinem
876 3589 1070 3668 deduxisset
1082 3615 1094 3675 ς
1119 3607 1161 3662 ut
1185 3615 1261 3666 non

250 3743 253 3760 ·
271 3710 300 3750 “
317 3701 430 3780 solum
446 3705 484 3779 in
496 3706 680 3804 pristinum
691 3707 817 3786 statum
830 3710 1006 3805 redissent,
1023 3710 1082 3788 sed
1097 3710 1261 3790 omnium
