2814 4754
234 397 302 475 190
479 312 541 445 ιθ.
563 371 700 468 Jottr
725 369 939 457 casinis

230 551 379 650 reliquas
404 541 538 648 copias,
571 548 841 650 equitatumque
863 547 1063 628 transducit.
1113 546 1221 646 Ubii,
1347 621 1351 631 .

231 671 293 772 qui
318 689 398 747 ante
422 671 560 748 obsidet
586 667 770 764 dederant,
803 689 912 772 atque
938 665 1223 750 interitionem

229 813 411 884 venerant,
446 793 623 893 purgandi
654 789 705 866 sui
733 795 862 884 caussa,
896 787 943 868 ad
971 815 1057 888 cum
1085 793 1222 894 legatos

178 962 180 966 -
229 914 398 990 mittunt:
435 907 497 1014 qui
526 913 691 1005 doceant,
719 921 747 958 “
773 939 891 1014 neque
915 937 961 988 ex
988 912 1052 990 sua
1078 916 1223 992 civitate

231 1033 408 1111 “auxilia
433 1036 470 1109 in
493 1034 664 1110 Treviros
689 1032 803 1126 milia,
833 1060 950 1135 neque
975 1035 1081 1112 able
1108 1038 1223 1114 fidem

232 1163 262 1202 ⁴‘
281 1155 448 1232 lesam:n
473 1175 611 1256 petunt,
633 1175 741 1256 atque
756 1175 871 1248 orant,
898 1165 928 1202 “
945 1176 986 1232 ut
1002 1157 1065 1234 fibi
1081 1179 1221 1258 parcat,

232 1285 261 1341 t‘
279 1268 518 1354 nucommuni
535 1278 904 1370 odioGetmanorum,
928 1277 1134 1356 innocentes
1158 1302 1226 1381 pro
1345 1364 1347 1370 ¹
1388 1293 1389 1334 ³

235 1405 265 1443 “
284 1393 494 1503 nocentibus
506 1425 628 1498 poenas
644 1400 812 1498 pendant.
848 1399 883 1473 Si
898 1400 1049 1499 anplius
1060 1401 1228 1478 obfidum

234 1527 263 1567 “
281 1521 379 1612 velit,
392 1522 498 1596 dare”
515 1519 736 1619 pollicentur.
771 1509 937 1620 Cognita,
951 1520 1075 1612 Cesar,
1089 1525 1238 1617 cauffo„

233 1641 372 1739 reperit,
410 1644 456 1716 ab
477 1640 598 1716 Suavis
624 1633 756 1716 auxilia
783 1641 884 1718 milia
909 1643 1003 1729 erie3
1038 1643 1227 1719 Ubiorum

106 1811 109 1819 ·
231 1758 499 1838 attractionem
524 1763 682 1864 aceepit3
716 1763 830 1839 aditus
857 1763 999 1864 viasque
1025 1765 1063 1837 in
1089 1765 1228 1882 Suevoa
1340 1850 1343 1858 ι

233 1882 416 1982 perquirit.
785 1905 787 1912 ’

283 2007 332 2081 Χ.
357 2006 516 2100 Interim,
542 2005 661 2106 paucis
679 2005 766 2144 poli·
768 2006 895 2084 diebus
911 2005 954 2104 lit
969 2007 1018 2081 ab
1028 1991 1134 2080 Ubiis
1147 2028 1227 2082 εει·

235 2124 315 2217 tior,
338 2127 470 2202 Suevos
487 2151 612 2205 omnes
627 2141 740 2204 unum
756 2127 807 2202 in
810 2113 932 2204 locum
944 2127 1062 2229 copias
1072 2151 1226 2228 cogeret

234 2267 339 2344 atque
356 2245 398 2322 iis
426 2249 638 2365 nationibus,
662 2263 743 2348 qu'ae
758 2246 823 2324 sub
838 2273 960 2325 eorum
979 2249 1070 2326 fint
1060 2248 1226 2350 irnperio,

234 2367 460 2459 denunciare,
476 2369 527 2442 uti
544 2369 674 2444 auxilia
695 2367 869 2468 peditatus
880 2369 1129 2468 equitatusque
1143 2370 1226 2446 mit

236 2505 324 2561 tant.
376 2489 447 2564 Hit
470 2488 620 2589 cognitis
633 2491 747 2579 rebus,
771 2513 847 2562 rern
864 2487 1124 2564 frumentariam
1143 2497 1227 2589 pro

234 2607 346 2700 ridet,
371 2601 490 2684 tastris
510 2606 679 2684 idoneum
706 2609 826 2684 lotum
847 2607 995 2706 deligit3
1022 2599 1168 2680 Ubiis
1155 2631 1228 2684 rm·

236 2746 347 2826 perat,
372 2721 550 2826 ut'pemra
569 2729 762 2820 deducant,
788 2726 921 2827 suaque
933 2749 1055 2802 omma
1068 2746 1116 2802 ex
1134 2726 1231 2829 agria

235 2847 421 2946 inoppida
437 2846 640 2925 conferant:
669 2845 1022 2950 sponnabarbiros,
1044 2867 1157 2948 atque
1170 2850 1226 2924 in-

236 2971 364 3072 peritos
385 2970 561 3064 homines,
586 2973 706 3073 inopia
730 2967 944 3048 cibariorum
967 2971 1154 3064 addudos,
1181 2969 1227 3047 ad

237 3096 395 3195 iniquam
407 3095 591 3195 pugnandi
601 3093 840 3170 conditionem
850 3093 949 3193 polle
959 3092 1109 3180 deduci:
1126 3101 1226 3170 manss

238 3219 312 3310 dat,
339 3237 382 3292 ut
410 3219 547 3292 crebros
574 3215 851 3317 exploratores
841 3241 878 3289 ιιι
910 3215 1044 3292 Suevos
1070 3216 1225 3305 mittant,

236 3363 390 3452 queque
410 3339 503 3452 'apud
528 3357 783 3473 congerantur,
811 3336 1034 3436 cognoscant
1072 3337 1166 3410 -llli
1156 3359 1223 3408 rm·

238 3479 358 3557 perata
372 3445 529 3534 faciunt:
554 3462 603 3550 dt,
626 3458 744 3558 paucis
760 3457 887 3532 diebus
902 3457 1111 3564 intermissu,
1135 3451 1222 3530 refe·

238 3595 334 3668 runt,
361 3584 390 3624 ‘¹
408 3583 539 3656 Suevos
551 3603 689 3670 omnes,
709 3579 935 3680 posteaquam
955 3577 1114 3654 certiores'
1130 3601 1220 3650 uun·

240 3706 271 3760 tt
287 3694 333 3772 cii
351 3699 398 3772 de
413 3701 569 3776 exercitu
588 3699 1023 3793 Romanorum'tenerint,
1045 3725 1128 3778 curn
1144 3721 1222 3775 orn·
