<?xml version="1.0" encoding="UTF-8"?>
<!DOCTYPE html PUBLIC "-//W3C//DTD XHTML 1.0 Transitional//EN"
    "http://www.w3.org/TR/xhtml1/DTD/xhtml1-transitional.dtd">
<html xmlns="http://www.w3.org/1999/xhtml" xml:lang="en" lang="en">
 <head>
  <title>
</title>
<meta http-equiv="Content-Type" content="text/html;charset=utf-8" />
  <meta name='ocr-system' content='tesseract 3.04.00' />
  <meta name='ocr-capabilities' content='ocr_page ocr_carea ocr_par ocr_line ocrx_word'/>
</head>
<body>
  <div class='ocr_page' id='page_1' title='image "./caiijuliicaesar00dodwgoog_0133.png"; bbox 0 0 2866 4754; ppageno 0'>
   <div class='ocr_carea' id='block_1_1' title="bbox 241 365 950 476">
    <p class='ocr_par' dir='ltr' id='par_1_1' title="bbox 241 365 950 486">
     <span class='ocr_line' id='line_1_1' title="bbox 241 365 950 476; baseline 0 -19"><span class='ocrx_word' id='word_1_1' title='bbox 241 401 309 458; x_wconf 80' lang='lat' dir='ltr'>rea</span> <span class='ocrx_word' id='word_1_2' title='bbox 506 373 549 453; x_wconf 88' lang='lat' dir='ltr'>C.</span> <span class='ocrx_word' id='word_1_3' title='bbox 574 375 710 476; x_wconf 76' lang='lat' dir='ltr'>Jurtr</span> <span class='ocrx_word' id='word_1_4' title='bbox 738 365 950 458; x_wconf 66' lang='lat' dir='ltr'>Cnsnnrt</span> 
     </span>
    </p>
   </div>
   <div class='ocr_carea' id='block_1_2' title="bbox 137 553 1331 3794">
    <p class='ocr_par' dir='ltr' id='par_1_2' title="bbox 137 553 1331 3542">
     <span class='ocr_line' id='line_1_2' title="bbox 235 553 1221 656; baseline 0 -26"><span class='ocrx_word' id='word_1_5' title='bbox 235 555 284 630; x_wconf 65' lang='lat' dir='ltr'>La</span> <span class='ocrx_word' id='word_1_6' title='bbox 306 555 553 632; x_wconf 87' lang='lat' dir='ltr'>Aurunculeio</span> <span class='ocrx_word' id='word_1_7' title='bbox 565 557 695 648; x_wconf 84' lang='lat' dir='ltr'>Cottae&#39;,</span> <span class='ocrx_word' id='word_1_8' title='bbox 719 555 856 656; x_wconf 70' lang='lat' dir='ltr'>legatie,</span> <span class='ocrx_word' id='word_1_9' title='bbox 888 553 925 630; x_wconf 92' lang='lat' dir='ltr'>in</span> <span class='ocrx_word' id='word_1_10' title='bbox 941 553 1142 656; x_wconf 79' lang='lat' dir='ltr'>Menapios,</span> <span class='ocrx_word' id='word_1_11' title='bbox 1169 573 1221 631; x_wconf 84' lang='lat' dir='ltr'>at·</span> 
     </span>
     <span class='ocr_line' id='line_1_3' title="bbox 235 675 1223 778; baseline 0.004 -30"><span class='ocrx_word' id='word_1_12' title='bbox 235 699 306 777; x_wconf 89' lang='lat' dir='ltr'>que</span> <span class='ocrx_word' id='word_1_13' title='bbox 323 675 361 749; x_wconf 91' lang='lat' dir='ltr'>in</span> <span class='ocrx_word' id='word_1_14' title='bbox 384 701 444 752; x_wconf 90' lang='lat' dir='ltr'>eos</span> <span class='ocrx_word' id='word_1_15' title='bbox 466 703 578 778; x_wconf 87' lang='lat' dir='ltr'>pagos</span> <span class='ocrx_word' id='word_1_16' title='bbox 594 677 837 769; x_wconf 86' lang='lat' dir='ltr'><strong>Morinorum,</strong></span> <span class='ocrx_word' id='word_1_17' title='bbox 867 678 915 752; x_wconf 87' lang='lat' dir='ltr'>ab</span> <span class='ocrx_word' id='word_1_18' title='bbox 925 677 1059 776; x_wconf 89' lang='lat' dir='ltr'>quibus</span> <span class='ocrx_word' id='word_1_19' title='bbox 1073 679 1119 752; x_wconf 91' lang='lat' dir='ltr'>ad</span> <span class='ocrx_word' id='word_1_20' title='bbox 1138 701 1223 766; x_wconf 88' lang='lat' dir='ltr'>eum</span> 
     </span>
     <span class='ocr_line' id='line_1_4' title="bbox 192 796 1224 895; baseline 0.003 -27"><span class='ocrx_word' id='word_1_21' title='bbox 192 849 196 859; x_wconf 85' lang='lat'><strong>.</strong></span> <span class='ocrx_word' id='word_1_22' title='bbox 238 796 435 895; x_wconf 84' lang='lat' dir='ltr'>legati-non</span> <span class='ocrx_word' id='word_1_23' title='bbox 453 816 632 890; x_wconf 88' lang='lat' dir='ltr'>venerant,</span> <span class='ocrx_word' id='word_1_24' title='bbox 657 797 907 880; x_wconf 83' lang='lat' dir='ltr'>deducendum</span> <span class='ocrx_word' id='word_1_25' title='bbox 929 797 1039 872; x_wconf 88' lang='lat' dir='ltr'><strong>dedit.</strong></span> <span class='ocrx_word' id='word_1_26' title='bbox 1089 801 1130 873; x_wconf 87' lang='lat' dir='ltr'>P.</span> <span class='ocrx_word' id='word_1_27' title='bbox 1145 799 1224 874; x_wconf 87' lang='lat' dir='ltr'>Sul·</span> 
     </span>
     <span class='ocr_line' id='line_1_5' title="bbox 237 916 1275 1026; baseline 0.006 -36"><span class='ocrx_word' id='word_1_28' title='bbox 237 916 370 1015; x_wconf 86' lang='lat' dir='ltr'>picium</span> <span class='ocrx_word' id='word_1_29' title='bbox 400 917 538 1012; x_wconf 79' lang='lat' dir='ltr'>Rufum</span> <span class='ocrx_word' id='word_1_30' title='bbox 563 921 720 1019; x_wconf 84' lang='lat' dir='ltr'>legatum</span> <span class='ocrx_word' id='word_1_31' title='bbox 742 941 826 996; x_wconf 87' lang='lat' dir='ltr'>cum</span> <span class='ocrx_word' id='word_1_32' title='bbox 854 943 897 994; x_wconf 90' lang='lat' dir='ltr'>eo</span> <span class='ocrx_word' id='word_1_33' title='bbox 924 919 1099 1026; x_wconf 80' lang='lat' dir='ltr'>praesrdio,</span> <span class='ocrx_word' id='word_1_34' title='bbox 1126 919 1224 1018; x_wconf 85' lang='lat' dir='ltr'>quorl</span> <span class='ocrx_word' id='word_1_35' title='bbox 1272 991 1275 996; x_wconf 90' lang='lat'><strong>.</strong></span> 
     </span>
     <span class='ocr_line' id='line_1_6' title="bbox 214 1035 1209 1148; baseline 0.004 -37"><span class='ocrx_word' id='word_1_36' title='bbox 214 1087 216 1091; x_wconf 92' lang='lat'><em>-</em></span> <span class='ocrx_word' id='word_1_37' title='bbox 236 1035 315 1120; x_wconf 86' lang='lat' dir='ltr'>satis</span> <span class='ocrx_word' id='word_1_38' title='bbox 329 1039 399 1113; x_wconf 86' lang='lat' dir='ltr'>esse</span> <span class='ocrx_word' id='word_1_39' title='bbox 410 1039 653 1132; x_wconf 76' lang='lat' dir='ltr'>arbitrabatur,</span> <span class='ocrx_word' id='word_1_40' title='bbox 668 1061 822 1138; x_wconf 31' lang='lat' dir='ltr'>*portum</span> <span class='ocrx_word' id='word_1_41' title='bbox 837 1059 960 1114; x_wconf 83' lang='lat' dir='ltr'>tenere</span> <span class='ocrx_word' id='word_1_42' title='bbox 970 1036 1076 1138; x_wconf 86' lang='lat' dir='ltr'>juffit.</span> <span class='ocrx_word' id='word_1_43' title='bbox 1206 1139 1209 1148; x_wconf 11' lang='grc' dir='ltr'>η</span> 
     </span>
     <span class='ocr_line' id='line_1_7' title="bbox 233 1159 1325 1254; baseline 0 -20"><span class='ocrx_word' id='word_1_44' title='bbox 233 1181 257 1210; x_wconf 75' lang='grc'>·’</span> <span class='ocrx_word' id='word_1_45' title='bbox 285 1161 426 1234; x_wconf 86' lang='lat' dir='ltr'><strong>XXIII.</strong></span> <span class='ocrx_word' id='word_1_46' title='bbox 452 1160 523 1234; x_wconf 83' lang='lat' dir='ltr'>His</span> <span class='ocrx_word' id='word_1_47' title='bbox 549 1159 750 1237; x_wconf 31' lang='lat' dir='ltr'>constitutis.</span> <span class='ocrx_word' id='word_1_48' title='bbox 764 1163 882 1254; x_wconf 85' lang='lat' dir='ltr'>rebus,</span> <span class='ocrx_word' id='word_1_49' title='bbox 912 1163 1031 1237; x_wconf 68' lang='lat' dir='ltr'>nasius</span> <span class='ocrx_word' id='word_1_50' title='bbox 1050 1160 1223 1236; x_wconf 88' lang='lat' dir='ltr'>idoneam</span> <span class='ocrx_word' id='word_1_51' title='bbox 1323 1163 1325 1172; x_wconf 83' lang='lat'>&#39;</span> 
     </span>
     <span class='ocr_line' id='line_1_8' title="bbox 150 1278 1225 1381; baseline 0.002 -29"><span class='ocrx_word' id='word_1_52' title='bbox 150 1321 152 1326; x_wconf 95' lang='lat'>·</span> <span class='ocrx_word' id='word_1_53' title='bbox 198 1331 203 1358; x_wconf 26' lang='grc' dir='ltr'>,ι</span> <span class='ocrx_word' id='word_1_54' title='bbox 233 1279 283 1356; x_wconf 81' lang='lat' dir='ltr'>ad</span> <span class='ocrx_word' id='word_1_55' title='bbox 315 1278 554 1380; x_wconf 85' lang='lat' dir='ltr'>navigandum</span> <span class='ocrx_word' id='word_1_56' title='bbox 583 1281 839 1380; x_wconf 86' lang='lat' dir='ltr'>tempestatem,</span> <span class='ocrx_word' id='word_1_57' title='bbox 868 1281 968 1357; x_wconf 86' lang='lat' dir='ltr'>tertia</span> <span class='ocrx_word' id='word_1_58' title='bbox 999 1281 1069 1366; x_wconf 79' lang='lat' dir='ltr'>sere</span> <span class='ocrx_word' id='word_1_59' title='bbox 1100 1279 1225 1381; x_wconf 79' lang='lat' dir='ltr'>vigilia</span> 
     </span>
     <span class='ocr_line' id='line_1_9' title="bbox 186 1397 1222 1502; baseline -0.001 -28"><span class='ocrx_word' id='word_1_60' title='bbox 186 1413 187 1416; x_wconf 76' lang='grc'>’</span> <span class='ocrx_word' id='word_1_61' title='bbox 235 1397 351 1491; x_wconf 82' lang='lat' dir='ltr'>soluit,</span> <span class='ocrx_word' id='word_1_62' title='bbox 376 1399 576 1500; x_wconf 81' lang='lat' dir='ltr'>equitesque</span> <span class='ocrx_word' id='word_1_63' title='bbox 600 1401 643 1477; x_wconf 80' lang='lat' dir='ltr'>inf</span> <span class='ocrx_word' id='word_1_64' title='bbox 657 1403 868 1483; x_wconf 86' lang='lat' dir='ltr'>ulteriorem</span> <span class='ocrx_word' id='word_1_65' title='bbox 875 1422 1017 1501; x_wconf 91' lang='lat' dir='ltr'>portum</span> <span class='ocrx_word' id='word_1_66' title='bbox 1040 1401 1222 1502; x_wconf 84' lang='lat' dir='ltr'>progredi,</span> 
     </span>
     <span class='ocr_line' id='line_1_10' title="bbox 206 1505 1228 1622; baseline 0 -26"><span class='ocrx_word' id='word_1_67' title='bbox 206 1505 211 1522; x_wconf 46' lang='lat'>⁸</span> <span class='ocrx_word' id='word_1_68' title='bbox 234 1524 271 1596; x_wconf 73' lang='lat' dir='ltr'>bt</span> <span class='ocrx_word' id='word_1_69' title='bbox 287 1547 400 1596; x_wconf 72' lang='lat' dir='ltr'>naver</span> <span class='ocrx_word' id='word_1_70' title='bbox 412 1520 652 1613; x_wconf 88' lang='lat' dir='ltr'>conscendere,</span> <span class='ocrx_word' id='word_1_71' title='bbox 678 1523 761 1598; x_wconf 88' lang='lat' dir='ltr'>&amp;se</span> <span class='ocrx_word' id='word_1_72' title='bbox 782 1522 891 1622; x_wconf 89' lang='lat' dir='ltr'>sequi,</span> <span class='ocrx_word' id='word_1_73' title='bbox 910 1519 1030 1621; x_wconf 76' lang='lat' dir='ltr'>jusfit&#39;:</span> <span class='ocrx_word' id='word_1_74' title='bbox 1055 1522 1228 1620; x_wconf 81' lang='lat' dir='ltr'>aquibus</span> 
     </span>
     <span class='ocr_line' id='line_1_11' title="bbox 235 1639 1224 1740; baseline 0.002 -26"><span class='ocrx_word' id='word_1_75' title='bbox 235 1665 347 1740; x_wconf 88' lang='lat' dir='ltr'>quum</span> <span class='ocrx_word' id='word_1_76' title='bbox 375 1641 411 1715; x_wconf 94' lang='lat' dir='ltr'>id</span> <span class='ocrx_word' id='word_1_77' title='bbox 428 1644 548 1740; x_wconf 89' lang='lat' dir='ltr'>paullo</span> <span class='ocrx_word' id='word_1_78' title='bbox 565 1643 695 1720; x_wconf 88' lang='lat' dir='ltr'>tardius</span> <span class='ocrx_word' id='word_1_79' title='bbox 720 1644 801 1717; x_wconf 86' lang='lat' dir='ltr'>effer</span> <span class='ocrx_word' id='word_1_80' title='bbox 829 1643 1121 1733; x_wconf 82' lang='lat' dir='ltr'>administratum,</span> <span class='ocrx_word' id='word_1_81' title='bbox 1149 1639 1224 1740; x_wconf 89' lang='lat' dir='ltr'>ipse</span> 
     </span>
     <span class='ocr_line' id='line_1_12' title="bbox 214 1761 1222 1862; baseline 0 -26"><span class='ocrx_word' id='word_1_82' title='bbox 214 1763 319 1836; x_wconf 65' lang='lat' dir='ltr'>&#39;bora</span> <span class='ocrx_word' id='word_1_83' title='bbox 334 1761 404 1838; x_wconf 90' lang='lat' dir='ltr'>diei</span> <span class='ocrx_word' id='word_1_84' title='bbox 431 1763 568 1838; x_wconf 88' lang='lat' dir='ltr'>circiter</span> <span class='ocrx_word' id='word_1_85' title='bbox 585 1789 627 1838; x_wconf 89' lang='lat' dir='ltr'>rv</span> <span class='ocrx_word' id='word_1_86' title='bbox 656 1789 740 1838; x_wconf 89' lang='lat' dir='ltr'>cum</span> <span class='ocrx_word' id='word_1_87' title='bbox 769 1763 889 1862; x_wconf 91' lang='lat' dir='ltr'>primis</span> <span class='ocrx_word' id='word_1_88' title='bbox 915 1764 1062 1838; x_wconf 85' lang='lat' dir='ltr'>navibus</span> <span class='ocrx_word' id='word_1_89' title='bbox 1084 1764 1222 1839; x_wconf 85' lang='lat' dir='ltr'>Britan·</span> 
     </span>
     <span class='ocr_line' id='line_1_13' title="bbox 233 1879 1331 1985; baseline 0 -27"><span class='ocrx_word' id='word_1_90' title='bbox 233 1881 331 1967; x_wconf 87' lang='lat' dir='ltr'>niam</span> <span class='ocrx_word' id='word_1_91' title='bbox 347 1883 497 1985; x_wconf 81' lang='lat' dir='ltr'>adtigit3</span> <span class='ocrx_word' id='word_1_92' title='bbox 520 1879 626 1984; x_wconf 81' lang='lat' dir='ltr'>atque</span> <span class='ocrx_word' id='word_1_93' title='bbox 641 1884 690 1961; x_wconf 93' lang='lat' dir='ltr'>ibi</span> <span class='ocrx_word' id='word_1_94' title='bbox 704 1885 740 1959; x_wconf 92' lang='lat' dir='ltr'>in</span> <span class='ocrx_word' id='word_1_95' title='bbox 757 1884 920 1959; x_wconf 85' lang='lat' dir='ltr'>omnibus</span> <span class='ocrx_word' id='word_1_96' title='bbox 937 1883 1085 1959; x_wconf 89' lang='lat' dir='ltr'>collibus</span> <span class='ocrx_word' id='word_1_97' title='bbox 1110 1909 1221 1982; x_wconf 87' lang='lat' dir='ltr'>expo·</span> <span class='ocrx_word' id='word_1_98' title='bbox 1326 1896 1331 1920; x_wconf 81' lang='lat'><strong><em>‘</em></strong></span> 
     </span>
     <span class='ocr_line' id='line_1_14' title="bbox 137 2001 1222 2104; baseline -0.002 -26"><span class='ocrx_word' id='word_1_99' title='bbox 137 2053 143 2068; x_wconf 82' lang='lat'><strong>·</strong></span> <span class='ocrx_word' id='word_1_100' title='bbox 234 2005 311 2080; x_wconf 83' lang='lat' dir='ltr'>srtas</span> <span class='ocrx_word' id='word_1_101' title='bbox 327 2004 479 2082; x_wconf 88' lang='lat' dir='ltr'>hostium</span> <span class='ocrx_word' id='word_1_102' title='bbox 494 2007 613 2104; x_wconf 87' lang='lat' dir='ltr'>copias</span> <span class='ocrx_word' id='word_1_103' title='bbox 626 2025 774 2082; x_wconf 83' lang='lat' dir='ltr'>armatas</span> <span class='ocrx_word' id='word_1_104' title='bbox 791 2003 982 2104; x_wconf 88' lang='lat' dir='ltr'>conspexit.</span> <span class='ocrx_word' id='word_1_105' title='bbox 1023 2002 1133 2103; x_wconf 89' lang='lat' dir='ltr'>Cujus</span> <span class='ocrx_word' id='word_1_106' title='bbox 1150 2001 1222 2080; x_wconf 88' lang='lat' dir='ltr'>loci</span> 
     </span>
     <span class='ocr_line' id='line_1_15' title="bbox 234 2125 1223 2228; baseline -0.001 -28"><span class='ocrx_word' id='word_1_107' title='bbox 234 2127 311 2201; x_wconf 82' lang='lat' dir='ltr'>haec</span> <span class='ocrx_word' id='word_1_108' title='bbox 337 2146 409 2202; x_wconf 90' lang='lat' dir='ltr'>erat</span> <span class='ocrx_word' id='word_1_109' title='bbox 439 2147 585 2214; x_wconf 85' lang='lat' dir='ltr'>natura:</span> <span class='ocrx_word' id='word_1_110' title='bbox 619 2127 708 2204; x_wconf 88' lang='lat' dir='ltr'>adeo</span> <span class='ocrx_word' id='word_1_111' title='bbox 732 2127 918 2204; x_wconf 42' lang='lat' dir='ltr'>montibusw</span> <span class='ocrx_word' id='word_1_112' title='bbox 944 2125 1099 2228; x_wconf 79' lang='lat' dir='ltr'>angustis</span> <span class='ocrx_word' id='word_1_113' title='bbox 1127 2149 1223 2200; x_wconf 87' lang='lat' dir='ltr'>mare</span> 
     </span>
     <span class='ocr_line' id='line_1_16' title="bbox 233 2245 1221 2347; baseline -0.003 -25"><span class='ocrx_word' id='word_1_114' title='bbox 233 2246 489 2339; x_wconf 86' lang='lat' dir='ltr'>continebatur,</span> <span class='ocrx_word' id='word_1_115' title='bbox 516 2247 567 2322; x_wconf 88' lang='lat' dir='ltr'>uti</span> <span class='ocrx_word' id='word_1_116' title='bbox 582 2275 627 2324; x_wconf 87' lang='lat' dir='ltr'>ex</span> <span class='ocrx_word' id='word_1_117' title='bbox 645 2250 730 2324; x_wconf 86' lang='lat' dir='ltr'>locis</span> <span class='ocrx_word' id='word_1_118' title='bbox 746 2245 981 2347; x_wconf 64' lang='lat' dir='ltr'>superioribus&#39;</span> <span class='ocrx_word' id='word_1_119' title='bbox 999 2249 1045 2322; x_wconf 90' lang='lat' dir='ltr'>-in</span> <span class='ocrx_word' id='word_1_120' title='bbox 1063 2246 1146 2320; x_wconf 88' lang='lat' dir='ltr'>litus</span> <span class='ocrx_word' id='word_1_121' title='bbox 1170 2265 1221 2320; x_wconf 89' lang='lat' dir='ltr'>te·</span> 
     </span>
     <span class='ocr_line' id='line_1_17' title="bbox 233 2359 1220 2465; baseline 0.002 -27"><span class='ocrx_word' id='word_1_122' title='bbox 233 2359 310 2441; x_wconf 88' lang='lat' dir='ltr'>lum</span> <span class='ocrx_word' id='word_1_123' title='bbox 326 2365 429 2464; x_wconf 86' lang='lat' dir='ltr'>adjici</span> <span class='ocrx_word' id='word_1_124' title='bbox 446 2369 565 2464; x_wconf 83' lang='lat' dir='ltr'>posset.</span> <span class='ocrx_word' id='word_1_125' title='bbox 615 2369 790 2440; x_wconf 70' lang='lat' dir='ltr'>Huncad</span> <span class='ocrx_word' id='word_1_126' title='bbox 812 2368 1067 2465; x_wconf 86' lang='lat' dir='ltr'>egrediendum</span> <span class='ocrx_word' id='word_1_127' title='bbox 1085 2391 1220 2465; x_wconf 89' lang='lat' dir='ltr'>nequa·</span> 
     </span>
     <span class='ocr_line' id='line_1_18' title="bbox 233 2485 1221 2585; baseline -0.001 -24"><span class='ocrx_word' id='word_1_128' title='bbox 233 2510 342 2585; x_wconf 88' lang='lat' dir='ltr'>quarn</span> <span class='ocrx_word' id='word_1_129' title='bbox 370 2485 538 2561; x_wconf 91' lang='lat' dir='ltr'>idoneum</span> <span class='ocrx_word' id='word_1_130' title='bbox 574 2486 756 2562; x_wconf 87' lang='lat' dir='ltr'>arbitratus</span> <span class='ocrx_word' id='word_1_131' title='bbox 784 2488 919 2576; x_wconf 86' lang='lat' dir='ltr'>locum,</span> <span class='ocrx_word' id='word_1_132' title='bbox 957 2489 1045 2560; x_wconf 91' lang='lat' dir='ltr'>dum</span> <span class='ocrx_word' id='word_1_133' title='bbox 1076 2486 1221 2584; x_wconf 84' lang='lat' dir='ltr'>reliquae</span> 
     </span>
     <span class='ocr_line' id='line_1_19' title="bbox 230 2604 1295 2699; baseline -0.006 -15"><span class='ocrx_word' id='word_1_134' title='bbox 230 2632 338 2684; x_wconf 60' lang='lat' dir='ltr'>‘naves</span> <span class='ocrx_word' id='word_1_135' title='bbox 365 2633 408 2682; x_wconf 89' lang='lat' dir='ltr'>eo</span> <span class='ocrx_word' id='word_1_136' title='bbox 424 2606 671 2699; x_wconf 82' lang='lat' dir='ltr'>convenirent,</span> <span class='ocrx_word' id='word_1_137' title='bbox 693 2609 739 2682; x_wconf 91' lang='lat' dir='ltr'>ad</span> <span class='ocrx_word' id='word_1_138' title='bbox 763 2608 887 2682; x_wconf 84' lang='lat' dir='ltr'>horam</span> <span class='ocrx_word' id='word_1_139' title='bbox 916 2631 973 2694; x_wconf 86' lang='lat' dir='ltr'>rx,</span> <span class='ocrx_word' id='word_1_140' title='bbox 998 2607 1035 2678; x_wconf 92' lang='lat' dir='ltr'>in</span> <span class='ocrx_word' id='word_1_141' title='bbox 1054 2604 1219 2678; x_wconf 84' lang='lat' dir='ltr'>anchoris</span> <span class='ocrx_word' id='word_1_142' title='bbox 1293 2642 1295 2654; x_wconf 34' lang='grc' dir='ltr'><strong><em>ι</em></strong></span> 
     </span>
     <span class='ocr_line' id='line_1_20' title="bbox 229 2723 1219 2826; baseline 0 -26"><span class='ocrx_word' id='word_1_143' title='bbox 229 2725 450 2823; x_wconf 69' lang='lat' dir='ltr'>exspectavit.</span> <span class='ocrx_word' id='word_1_144' title='bbox 500 2725 644 2801; x_wconf 88' lang='lat' dir='ltr'>Interim</span> <span class='ocrx_word' id='word_1_145' title='bbox 668 2725 803 2826; x_wconf 85' lang='lat' dir='ltr'>legatis,</span> <span class='ocrx_word' id='word_1_146' title='bbox 826 2723 1042 2823; x_wconf 86' lang='lat' dir='ltr'>tribunisque</span> <span class='ocrx_word' id='word_1_147' title='bbox 1062 2723 1219 2800; x_wconf 87' lang='lat' dir='ltr'>militum</span> 
     </span>
     <span class='ocr_line' id='line_1_21' title="bbox 229 2845 1219 2945; baseline 0 -25"><span class='ocrx_word' id='word_1_148' title='bbox 229 2845 447 2939; x_wconf 86' lang='lat' dir='ltr'>convocatis,</span> <span class='ocrx_word' id='word_1_149' title='bbox 466 2852 502 2923; x_wconf 73' lang='lat' dir='ltr'>a</span> <span class='ocrx_word' id='word_1_150' title='bbox 515 2873 594 2945; x_wconf 84' lang='lat' dir='ltr'>quae</span> <span class='ocrx_word' id='word_1_151' title='bbox 608 2869 653 2921; x_wconf 86' lang='lat' dir='ltr'>ex</span> <span class='ocrx_word' id='word_1_152' title='bbox 665 2845 843 2922; x_wconf 84' lang='lat' dir='ltr'>Voluseno</span> <span class='ocrx_word' id='word_1_153' title='bbox 856 2847 1061 2945; x_wconf 62' lang='lat' dir='ltr'>cognossem</span> <span class='ocrx_word' id='word_1_154' title='bbox 1085 2847 1219 2942; x_wconf 79' lang='lat' dir='ltr'>&amp;quae</span> 
     </span>
     <span class='ocr_line' id='line_1_22' title="bbox 229 2962 1220 3069; baseline -0.003 -26"><span class='ocrx_word' id='word_1_155' title='bbox 229 2966 306 3043; x_wconf 80' lang='lat' dir='ltr'>¹lieri</span> <span class='ocrx_word' id='word_1_156' title='bbox 318 2969 441 3060; x_wconf 77' lang='lat' dir='ltr'>uellet,</span> <span class='ocrx_word' id='word_1_157' title='bbox 463 2967 616 3042; x_wconf 84' lang='lat' dir='ltr'>ostendit</span> <span class='ocrx_word' id='word_1_158' title='bbox 629 2997 638 3042; x_wconf 71' lang='grc' dir='ltr'><strong><em>ε</em></strong></span> <span class='ocrx_word' id='word_1_159' title='bbox 650 3029 661 3056; x_wconf 74' lang='grc'><strong>,</strong></span> <span class='ocrx_word' id='word_1_160' title='bbox 673 2967 892 3069; x_wconf 86' lang='lat' dir='ltr'>monuitque,</span> <span class='ocrx_word' id='word_1_161' title='bbox 920 2968 979 3063; x_wconf 91' lang='lat' dir='ltr'>(ut</span> <span class='ocrx_word' id='word_1_162' title='bbox 994 2962 1044 3040; x_wconf 88' lang='lat' dir='ltr'>rei</span> <span class='ocrx_word' id='word_1_163' title='bbox 1060 2963 1220 3040; x_wconf 81' lang='lat' dir='ltr'>militaria</span> 
     </span>
     <span class='ocr_line' id='line_1_23' title="bbox 229 3085 1218 3186; baseline 0 -24"><span class='ocrx_word' id='word_1_164' title='bbox 229 3089 330 3183; x_wconf 89' lang='lat' dir='ltr'>ratio,</span> <span class='ocrx_word' id='word_1_165' title='bbox 349 3089 504 3164; x_wconf 83' lang='lat' dir='ltr'>maxime</span> <span class='ocrx_word' id='word_1_166' title='bbox 520 3108 561 3164; x_wconf 94' lang='lat' dir='ltr'>ut</span> <span class='ocrx_word' id='word_1_167' title='bbox 572 3085 754 3164; x_wconf 72' lang='lat' dir='ltr'>maritima</span> <span class='ocrx_word' id='word_1_168' title='bbox 766 3111 820 3162; x_wconf 85' lang='lat' dir='ltr'>res</span> <span class='ocrx_word' id='word_1_169' title='bbox 836 3086 1062 3186; x_wconf 88' lang='lat' dir='ltr'>postularent,</span> <span class='ocrx_word' id='word_1_170' title='bbox 1080 3103 1124 3161; x_wconf 77' lang='lat' dir='ltr'>ut·</span> <span class='ocrx_word' id='word_1_171' title='bbox 1136 3111 1218 3186; x_wconf 76' lang='lat' dir='ltr'>qua·</span> 
     </span>
     <span class='ocr_line' id='line_1_24' title="bbox 180 3206 1217 3310; baseline -0.004 -26"><span class='ocrx_word' id='word_1_172' title='bbox 180 3219 181 3224; x_wconf 77' lang='grc'>’</span> <span class='ocrx_word' id='word_1_173' title='bbox 231 3212 393 3301; x_wconf 76' lang='lat' dir='ltr'>celerem,</span> <span class='ocrx_word' id='word_1_174' title='bbox 426 3231 531 3310; x_wconf 90' lang='lat' dir='ltr'>atque</span> <span class='ocrx_word' id='word_1_175' title='bbox 556 3209 750 3285; x_wconf 89' lang='lat' dir='ltr'>instabilem</span> <span class='ocrx_word' id='word_1_176' title='bbox 768 3215 916 3284; x_wconf 81' lang='lat' dir='ltr'>motum</span> <span class='ocrx_word' id='word_1_177' title='bbox 948 3207 1136 3304; x_wconf 87' lang='lat' dir='ltr'>haberent)</span> <span class='ocrx_word' id='word_1_178' title='bbox 1170 3206 1217 3281; x_wconf 89' lang='lat' dir='ltr'>ad</span> 
     </span>
     <span class='ocr_line' id='line_1_25' title="bbox 231 3325 1225 3429; baseline -0.005 -25"><span class='ocrx_word' id='word_1_179' title='bbox 231 3353 359 3406; x_wconf 81' lang='lat' dir='ltr'>numm</span> <span class='ocrx_word' id='word_1_180' title='bbox 376 3335 410 3422; x_wconf 73' lang='grc' dir='ltr'>δε</span> <span class='ocrx_word' id='word_1_181' title='bbox 428 3333 474 3406; x_wconf 91' lang='lat' dir='ltr'>ad</span> <span class='ocrx_word' id='word_1_182' title='bbox 490 3350 628 3429; x_wconf 87' lang='lat' dir='ltr'>tempus</span> <span class='ocrx_word' id='word_1_183' title='bbox 652 3355 775 3406; x_wconf 89' lang='lat' dir='ltr'>omnes</span> <span class='ocrx_word' id='word_1_184' title='bbox 792 3354 844 3404; x_wconf 85' lang='lat' dir='ltr'>res</span> <span class='ocrx_word' id='word_1_185' title='bbox 868 3330 914 3403; x_wconf 84' lang='lat' dir='ltr'>ab</span> <span class='ocrx_word' id='word_1_186' title='bbox 935 3327 975 3402; x_wconf 87' lang='lat' dir='ltr'>iis</span> <span class='ocrx_word' id='word_1_187' title='bbox 998 3325 1225 3404; x_wconf 86' lang='lat' dir='ltr'>administra·-</span> 
     </span>
     <span class='ocr_line' id='line_1_26' title="bbox 154 3447 1216 3542; baseline -0.003 -20"><span class='ocrx_word' id='word_1_188' title='bbox 154 3497 159 3506; x_wconf 90' lang='lat'><em>-</em></span> <span class='ocrx_word' id='word_1_189' title='bbox 230 3470 362 3526; x_wconf 88' lang='lat' dir='ltr'>rentur.</span> <span class='ocrx_word' id='word_1_190' title='bbox 413 3450 485 3526; x_wconf 90' lang='lat' dir='ltr'>His</span> <span class='ocrx_word' id='word_1_191' title='bbox 495 3452 663 3542; x_wconf 70' lang='lat' dir='ltr'>rdimiffis,</span> <span class='ocrx_word' id='word_1_192' title='bbox 691 3455 726 3524; x_wconf 72' lang='grc' dir='ltr'>δι</span> <span class='ocrx_word' id='word_1_193' title='bbox 752 3469 914 3540; x_wconf 79' lang='lat' dir='ltr'>venturu,</span> <span class='ocrx_word' id='word_1_194' title='bbox 937 3453 970 3524; x_wconf 78' lang='grc' dir='ltr'>δι</span> <span class='ocrx_word' id='word_1_195' title='bbox 997 3447 1118 3526; x_wconf 78' lang='lat' dir='ltr'>aestum</span> <span class='ocrx_word' id='word_1_196' title='bbox 1143 3471 1216 3520; x_wconf 92' lang='lat' dir='ltr'>uno</span> 
     </span>
    </p>

    <p class='ocr_par' dir='ltr' id='par_1_3' title="bbox 194 3565 1216 3794">
     <span class='ocr_line' id='line_1_27' title="bbox 194 3565 1216 3670; baseline 0.001 -29"><span class='ocrx_word' id='word_1_197' title='bbox 194 3617 196 3620; x_wconf 77' lang='lat'>.</span> <span class='ocrx_word' id='word_1_198' title='bbox 227 3570 527 3670; x_wconf 73' lang='lat' dir='ltr'>tempore-nasius</span> <span class='ocrx_word' id='word_1_199' title='bbox 550 3570 756 3661; x_wconf 87' lang='lat' dir='ltr'>secundum,</span> <span class='ocrx_word' id='word_1_200' title='bbox 783 3571 996 3670; x_wconf 68' lang='lat' dir='ltr'>datosr&#39;gno,</span> <span class='ocrx_word' id='word_1_201' title='bbox 1015 3573 1058 3644; x_wconf 61' lang='grc' dir='ltr'>,ὅτ</span> <span class='ocrx_word' id='word_1_202' title='bbox 1068 3565 1216 3642; x_wconf 80' lang='lat' dir='ltr'>sublatis</span> 
     </span>
     <span class='ocr_line' id='line_1_28' title="bbox 231 3687 1215 3794; baseline 0.004 -32"><span class='ocrx_word' id='word_1_203' title='bbox 231 3687 406 3777; x_wconf 83' lang='lat' dir='ltr'>anchoris,</span> <span class='ocrx_word' id='word_1_204' title='bbox 435 3688 572 3766; x_wconf 82' lang='lat' dir='ltr'>circiter</span> <span class='ocrx_word' id='word_1_205' title='bbox 599 3691 697 3768; x_wconf 87' lang='lat' dir='ltr'>milia</span> <span class='ocrx_word' id='word_1_206' title='bbox 720 3692 881 3792; x_wconf 83' lang='lat' dir='ltr'>passuum</span> <span class='ocrx_word' id='word_1_207' title='bbox 909 3717 970 3768; x_wconf 82' lang='lat' dir='ltr'>vn</span> <span class='ocrx_word' id='word_1_208' title='bbox 999 3692 1046 3794; x_wconf 83' lang='lat' dir='ltr'>ab</span> <span class='ocrx_word' id='word_1_209' title='bbox 1070 3716 1113 3766; x_wconf 90' lang='lat' dir='ltr'>eo</span> <span class='ocrx_word' id='word_1_210' title='bbox 1134 3691 1215 3766; x_wconf 87' lang='lat' dir='ltr'>loco</span> 
     </span>
    </p>
   </div>
   <div class='ocr_carea' id='block_1_3' title="bbox 0 0 1438 4754">
    <p class='ocr_par' dir='ltr' id='par_1_4' title="bbox 0 0 1438 4754">
     <span class='ocr_line' id='line_1_29' title="bbox 0 0 1438 4754; baseline 0 2"><span class='ocrx_word' id='word_1_211' title='bbox 0 0 1438 4754; x_wconf 95' lang='lat' dir='ltr'> </span> 
     </span>
    </p>
   </div>
  </div>
 </body>
</html>
