2850 4752
250 345 323 418 280
520 343 563 418 C.
591 344 727 440 Joarr
755 347 969 430 Clean-trs

255 510 567 611 “sanguineisque
592 515 718 589 nostris
744 515 853 590 animi
876 487 1199 604 f0102exiltimatls,
1223 509 1248 592 st

255 636 283 674 “
301 657 401 729 paene
426 631 461 704 in
479 632 558 730 ipsis
585 627 959 734 cadaveribus'proelio
977 635 1159 734 decertare
1188 657 1246 707 co·

255 757 282 794 “
302 755 455 849 geritur?
491 752 616 826 Nolite
643 755 709 827 hos
737 755 849 829 vestro
877 753 1011 829 auxilio
1040 751 1248 849 exspoliare,

255 875 285 912 “
306 869 367 968 qui
384 871 504 950 vestrae
529 871 644 946 salutis
671 875 788 948 caulsa
815 872 917 948 suum
937 872 1134 972 periculum
1162 896 1256 970 neg·-

253 995 281 1066 ‘.‘
300 991 463 1081 lexerint,
482 1017 547 1066 nec
574 991 719 1066 stultitia
744 1018 786 1067 ac
815 992 1009 1076 temeritate
1035 989 1163 1080 vestra,
1190 1011 1249 1064 aut

254 1115 281 1151 “
299 1108 528 1184 inbecillitate
546 1111 656 1186 animi
678 1136 822 1187 omnem
845 1111 999 1186 Galliam
1017 1111 1258 1209 prostemeres

256 1233 337 1304 “aa
368 1249 546 1327 perpetuae
572 1230 726 1306 servituti
741 1231 915 1308 addicere.
966 1237 1042 1321 An,
1059 1231 1175 1328 'quod
1202 1232 1249 1304 ad

239 1352 284 1456 '“
303 1347 409 1422 diem*
427 1376 499 1424 non
522 1371 706 1442 venerunt,
737 1354 784 1426 de
805 1377 931 1426 eorum
960 1353 1032 1430 fide
1061 1347 1248 1427 constanti·

255 1475 396 1567 “aque
422 1463 619 1560 dubitatis?
646 1471 749 1572 Qud
771 1476 883 1571 ergo?
911 1470 1163 1546 Romanos-in
1186 1469 1252 1544 illis
1371 1525 1378 1532 .

256 1594 285 1631 “
304 1588 525 1664 ulterioribus
547 1590 801 1666 munitionibus
818 1587 973 1666 animine
997 1591 1114 1666 cauffa
1132 1588 1250 1687 quoti-

256 1712 284 1786 ‘,‘
300 1705 360 1778 die
383 1707 538 1780 exerceri
555 1707 714 1805 putatis?
741 1710 777 1783 Si
803 1711 947 1785 illorum
965 1708 1103 1784 nunciis
1118 1709 1249 1782 confir-

244 1825 390 1900 “mari
414 1851 486 1899 non
506 1827 662 1925 potestis,
681 1830 781 1904 omni
803 1830 902 1904 aditu
926 1827 1107 1927 praesepto‚
1125 1827 1168 1903 iis
1183 1829 1250 1902 uti·

257 1951 287 1990 “
305 1945 394 2020 mini
416 1947 574 2042 testibus,
591 1949 1014 2048 adpropinquareeorum
1031 1950 1252 2038 adventum

257 2073 286 2110 “
305 2065 404 2166 cujus
427 2067 478 2160 rei
505 2068 631 2142 timore
653 2069 821 2160 exterriti,
846 2069 959 2160 diem,
975 2072 1191 2167 nouemque
1215 2068 1252 2141 in

260 2194 287 2254 ‘.‘
303 2212 411 2284 opere
438 2187 626 2262 versantur.
677 2188 777 2287 Qrid
806 2215 893 2286 ergo
921 2188 993 2264 mei
1021 2187 1251 2264 confihiest?

260 2312 288 2348 “
306 2308 447 2396 Facere,
484 2309 581 2404 quod
609 2308 717 2382 nostri
749 2305 896 2406 majores
923 2331 1149 2407 nequaquam
1179 2305 1252 2404 pari

259 2432 286 2508 ‘,‘
302 2427 401 2500 bello
418 2424 649 2502 Cimbrorum
673 2429 954 2526 Teutonumque
980 2425 1164 2512 fecerunt·;
1189 2424 1253 2524 ‚qui

259 2552 289 2628 ‘.‘
307 2547 345 2620 in
374 2545 507 2645 oppida
537 2548 724 2644 compulsi,
753 2573 794 2621 ac
823 2547 926 2622 simili
954 2545 1075 2643 inopia
1104 2544 1251 2636 subaeli,

169 2723 178 2742 .
261 2673 289 2710 “
306 2692 427 2752 eorum
440 2665 658 2763 corporibus,
678 2665 739 2764 qui
766 2685 865 2740 aetate
887 2665 1025 2740 inutiles
1049 2666 1094 2738 ad
1119 2667 1252 2742 bellum

259 2791 287 2884 f‘
307 2785 529 2872 videbantur,
559 2785 671 2858 vitam
700 2787 950 2877 toleraverunt,
977 2809 1093 2885 neque
1113 2782 1152 2859 ·se
1176 2783 1253 2860 hos·

166 2929 169 2936 r
262 2903 403 3000 “tibus
438 2902 706 2997 transdiderunn
766 2901 875 3005 Cujus
903 2905 958 2998 ‚rei
994 2911 1018 2980 fi
1051 2906 1256 3004 exemplum

260 3030 290 3108 ‘,‘
306 3050 382 3122 non
403 3025 626 3116 haberemus,
655 3045 774 3100 tamen
805 3026 973 3102 libertatis
997 3027 1113 3102 cauffa
1128 3023 1257 3100 institui
1342 3107 1346 3114 ,

261 3152 289 3190 “
308 3149 342 3219 &
382 3143 527 3243 posteris‘
572 3144 693 3244 prodi,
730 3141 1020 3244 pulcherrimum·
1033 3141 1035 3154 '
1044 3142 1256 3243 judicarem·
1293 3155 1296 3162 “

261 3263 406 3340 “Nam
435 3265 521 3362 quid
551 3265 602 3338 illi
625 3265 735 3340 fimile
764 3267 859 3342 bello
890 3262 957 3342 fuit
971 3268 990 3339 l¹
1029 3265 1257 3363 Depopulata

261 3394 288 3430 “
308 3385 438 3476 Gallia,
475 3384 627 3477 Cimbri,
655 3410 857 3487 magnaque
893 3385 1002 3460 inlata
1041 3383 1257 3473 calamitate,

264 3511 293 3548 “
312 3506 444 3580 finibus
473 3504 619 3603 quidem
646 3501 769 3580 nostris
798 3504 992 3604 aliquando
1021 3504 1256 3593 excelsorum,

263 3631 291 3710 ‘f
310 3642 417 3721 arque
433 3624 517 3702 alias
531 3642 639 3700 terras
659 3622 859 3726 petierunt:
881 3621 976 3724 jura,
990 3625 1114 3726 leges,
1136 3643 1256 3721 agros,
