2850 4752
264 395 340 486 264
437 455 441 467 .
484 327 488 380 l
532 347 978 488 cirenceastre·

263 584 355 659 cata,
390 567 459 644 line
483 565 711 652 contentione
736 567 871 668 oppido
898 565 1045 669 potitur.
1103 563 1253 644 Κείσθω

261 698 397 786 ponte,
412 711 521 787 quern
547 687 782 788 superioribus
805 688 933 765 diebus
964 681 1078 764 hostes
1105 685 1258 764 rescide.

260 829 350 900 rant,
368 807 563 884 exercitum
576 808 785 902 transducit,
804 814 839 886 de
865 809 1018 886 secundo
1033 805 1181 884 flumine
1207 807 1254 883 ad

260 928 443 1004 Lutetiam
460 927 527 1004 iter
536 927 650 1005 facere
662 930 784 1030 coepit.
833 931 981 1024 Hostes,
993 954 1033 1006 re
1049 927 1194 1029 cognita
1208 932 1255 1005 ab
1350 977 1355 984 -

260 1047 315 1140 iis,
345 1047 409 1149 qui
441 1077 463 1124 a
494 1051 695 1126 Meloduno
724 1049 965 1152 profugerant,
987 1049 1167 1126 Lutetiam
1196 1049 1253 1125 in·

261 1168 380 1261 cendi,
399 1169 592 1272 pontesque
615 1169 688 1272 ejus
711 1171 837 1271 oppidi
852 1171 1000 1249 rescindi
1015 1171 1165 1274 jubent:
1191 1170 1253 1272 ipli

262 1288 411 1389 profedti
439 1317 460 1365 a
493 1285 636 1390 palude,
664 1291 703 1368 in
734 1292 819 1394 ripis
844 1296 1032 1395 Sequanae,
1062 1319 1084 1370 e
1110 1291 1255 1395 regione

239 1446 241 1460 ·
260 1411 428 1502 Lutetiae,
442 1433 560 1486 contra
577 1412 727 1488 Labieni
744 1415 853 1490 castra
868 1417 1065 1494 confidunt.

312 1533 414 1608 LIX.
440 1535 524 1628 Jam
540 1531 654 1610 Caesar
679 1535 898 1636 aGergovia
923 1533 1104 1612 disceffiffe
1135 1534 1256 1612 audie·

261 1655 384 1728 batur:
405 1651 483 1751 jam
498 1656 545 1730 de
571 1654 773 1732 AEduorum
801 1655 1009 1747 defefflone,
1039 1657 1074 1729 dt
1098 1653 1255 1732 secundo

259 1772 385 1848 Galliae
408 1794 508 1850 motu
539 1801 693 1852 rumores
724 1777 984 1868 adferebantur,
1017 1773 1183 1874 Gallique
1216 1775 1255 1852 in

260 1895 471 1995 conloquiis,
489 1896 716 1998 interclusum
739 1897 861 1976 itinere
876 1902 911 1973 de
928 1895 1051 1998 Ligeri
1066 1889 1253 1990 Caesarem,

260 2016 381 2116 inopia
408 2016 575 2094 frumenti
600 2021 776 2111 coactum,
794 2019 831 2093 in
856 2018 1080 2095 Provinciam
1108 2025 1253 2093 conten'-

258 2138 359 2230 dille,
378 2141 646 2216 confirmabant.
694 2140 872 2216 Bellovaci
899 2160 1033 2231 autem,
1058 2135 1254 2217 defeoione
1306 2141 1310 2148 ’

261 2257 465 2334 AEduorum
481 2261 640 2361 cognita,
659 2262 721 2359 qui
738 2283 820 2337 ante
836 2283 934 2338 erant
949 2287 1014 2361 per
1028 2259 1063 2338 se
1077 2259 1253 2350 infideles,

180 2469 183 2474 ,
259 2403 384 2454 manus
407 2393 548 2480 cogere,
576 2403 683 2480 atque
698 2402 815 2480 aperte
832 2384 966 2459 bellum
988 2391 1109 2483 parare
1119 2391 1258 2484 ponpess
1320 2377 1324 2384 ’

259 2521 349 2575 runt.
398 2501 497 2599 Tum
529 2502 723 2594 Labienus,
756 2521 851 2578 tanta
879 2528 1004 2580 rerum
1030 2489 1253 2578 commutati·

258 2647 340 2713 one,
368 2623 474 2720 longe
490 2621 595 2697 aliud·
609 2623 671 2698 fibi
687 2611 899 2720 capiendum
924 2623 1122 2714 confilium,
1148 2604 1254 2724 'atque

259 2760 361 2815 antea
389 2741 549 2831 senserat,
568 2738 805 2842 intellegebat
854 2744 986 2842 Neque
1004 2740 1097 2843 jam,
1123 2764 1167 2820 ut
1190 2742 1252 2818 ali·

258 2860 347 2960 quid
373 2860 598 2960 adquireret,
613 2862 813 2966 proelioque
840 2864 955 2939 hostes
982 2865 1171 2957 lacelieret,
1195 2862 1253 2942 sed

260 3003 299 3060 ut
331 2983 548 3060 incolumem
574 2984 769 3064 exercitum
801 2984 1031 3086 Agendicum
1055 2981 1251 3090 reduceret,

261 3106 451 3207 cogitabat.
483 3105 653 3204 Namque
665 3108 773 3182 altera
785 3131 831 3182 ex
848 3127 946 3206 parte
963 3107 1154 3202 Bellovaci,
1173 3133 1252 3208 que

258 3228 381 3306 civitas
398 3229 434 3302 in
452 3227 567 3306 Gallia
582 3227 778 3310 maximam
798 3229 908 3304 habet
916 3226 1122 3327 opinionem
1140 3229 1250 3304 virtu-

255 3351 313 3440 tis,
331 3351 530 3426 instabant:
558 3349 702 3424 alteram
725 3350 988 3449 Camulogenus
1009 3371 1129 3448 parato
1145 3370 1250 3450 atque

256 3469 428 3546 instructo
443 3469 599 3545 exercitu
627 3469 791 3546 tenebat:
818 3489 897 3546 tum
919 3464 1111 3570 legionesa
1136 3474 1249 3569 praeli-

257 3589 318 3664 dio
334 3611 440 3688 etque
463 3588 709 3688 inpedimentis
725 3589 925 3666 interclusas
952 3589 1151 3666 maximum
1180 3591 1249 3692 llu-

259 3733 341 3784 men
358 3709 554 3788 distinebat.
604 3711 730 3788 Tantis
754 3709 871 3795 subito
897 3709 1160 3790 diffictltatibus
1184 3714 1249 3790 ob·
