2814 4754
219 375 290 454 252
395 393 402 408 ·
489 345 987 472 nJurncmm

218 523 282 600 nbi
315 523 361 598 ad
394 519 678 623 cognoscendum
704 518 855 622 spatium
886 516 1106 618 relinquunt.
1162 513 1231 590 In·

220 644 322 746 pellit
344 644 428 720 alios
454 644 611 744 avaritia,
639 641 726 722 alios
752 639 994 720 iracundia&
1020 633 1230 730 temeritas,

219 785 302 865 quae'
322 765 478 842 maxime
500 765 551 842 illi
583 765 772 842 hominum
799 761 919 865 generi
946 759 998 837 est
1023 755 1162 852 innata,
1183 757 1231 834 ut

162 876 168 883 ¹
219 887 335 962 levem
346 886 562 962 auditionem
580 887 731 964 habeant
748 911 812 987 pro
824 909 859 960 re
873 902 1065 983 comperta.
1114 883 1227 958 Bona
1332 949 1336 952 .

219 1007 352 1084 civium
380 1012 630 1085 Romanorum
654 1007 837 1106 diripiunt,
866 1005 979 1080 caedes
1004 1003 1159 1094 faciunt,
1180 1000 1226 1078 in

128 1124 132 1130 ⁵
218 1109 420 1206 servitutem
441 1130 658 1206 abstrahunt.
709 1127 867 1229 Adjuvat
885 1149 959 1206 rem
982 1125 1226 1227 proclinatam

220 1249 525 1342 Convidlolitanis‚
561 1253 774 1352 plebemque
802 1251 848 1324 ad
873 1247 1029 1325 furorem
1058 1243 1223 1346 inpellit,

217 1391 271 1463 ut,
291 1371 451 1447 facinore
469 1371 631 1463 admiffo,
649 1374 694 1449 ad
717 1369 898 1447 sanitatem
923 1370 1056 1469 pudeat
1071 1357 1223 1446 reverti.

218 1495 278 1578 Μ.
295 1493 481 1585 Aristium,
499 1493 679 1568 tribunum
700 1492 872 1586 rnilitum,
888 1493 952 1567 iter
967 1491 1011 1568 ad
1034 1490 1221 1591 legionem

217 1609 422 1704 facientem,
451 1615 534 1688 data
563 1614 649 1704 fide,
679 1639 725 1689 ex
752 1613 888 1714 oppido
908 1579 1097 1690 &abillono
1123 1616 1217 1702 edu·

119 1816 129 1834 ,
214 1753 316 1816 eunt.
370 1734 472 1810 Idem
498 1733 614 1816 facere
644 1753 779 1835 cogunt
809 1759 885 1827 eos,
914 1735 977 1834 qui
1006 1732 1216 1834 negotiandi

216 1853 335 1954 ,eaulsa
363 1852 413 1929 ibi
440 1855 673 1930 constiterant.
723 1857 805 1932 Hos
834 1855 1004 1932 continuo
1026 1855 1064 1930 in
1090 1854 1216 1930 itinere

163 2003 165 2016 ·
219 1973 348 2069 adorti,
368 1975 533 2050 omnibus
556 1975 805 2076 inpedimentis
830 1996 985 2064 exuunt3
1009 2001 1238 2076 repugnem,

219 2115 271 2172 tes
302 2095 399 2170 diem
416 2099 640 2196 ‘nouemque
668 2095 855 2180 obfident'r
891 2096 1011 2174 multis
1034 2097 1214 2196 utrimque

218 2214 418 2310 interfedlis,
449 2214 617 2317 majorem
646 2217 911 2296 multitudinem
933 2219 980 2295 ad
1003 2243 1100 2296 arma
1126 2243 1212 2294 con-

220 2356 338 2412 errant.

141 2423 168 2462 ⁸
269 2437 405 2512 XLIII.
431 2435 590 2528 Interim,
620 2437 750 2516 nuncio
777 2439 909 2530 adlato,
940 2462 1064 2516 omnes
1085 2463 1210 2527 eorum

221 2555 349 2632 milites
365 2556 401 2632 in
419 2559 588 2657 potestate
617 2558 758 2636 Caesaris
787 2559 909 2652 teneri,
926 2579 1141 2636 concurrunt
1166 2561 1210 2635 ad

221 2677 418 2753 Aristium:
446 2679 533 2753 nihil
563 2677 867 2779 publicolfadlum
893 2678 1035 2784 confilio
1059 2680 1209 2756 demon·

218 2781 350 2872 strant:
378 2797 607 2895 questionem
635 2798 797 2876 debonis
820 2799 962 2902 direptis
988 2795 1208 2877 decernuntt

219 2916 370 3006 litavici
398 2917 615 3019 fratmmque
646 2923 742 2998 bona
770 2919 977 3020 publicant:
1005 2922 1141 3022 legatos
1166 2907 1222 3005 ad,

220 3040 404 3131 Caesarem,
428 3039 479 3115 sui
501 3040 674 3140 purgandi
699 3041 821 3142 gratia,
848 3043 1020 3118 mittunt:
1058 3045 1138 3122 haec
1159 3043 1209 3120 fa·

219 3161 331 3253 ciunt,
349 3163 667 3266 recuperandorum
688 3164 831 3240 suorum
853 3167 986 3240 cauffa:
1012 3161 1072 3240 sed
1090 3185 1208 3242 conta·

220 3268 349 3358 minati*
373 3281 540 3374 facinore,
571 3288 605 3358 ὅτ
627 3285 732 3385 'capti
760 3285 974 3386 compendio
1001 3313 1047 3362 ex
1070 3287 1212 3387 direptis

219 3405 335 3496 bonis,
354 3405 452 3503 quod
470 3432 511 3479 ea
530 3432 582 3480 res
598 3407 643 3479 ad
656 3407 785 3484 multos
802 3406 1011 3504 pertinebat,
1030 3412 1065 3482 δι
1086 3407 1212 3482 timore

221 3549 337 3621 poenae
355 3527 523 3617 exterriti,
542 3524 683 3602 confilia
699 3527 791 3622 clam
808 3529 854 3602 de
870 3531 965 3603 bello
981 3528 1068 3602 inire
1082 3525 1209 3624 incipi·

222 3662 299 3735 unt,
327 3643 552 3746 civitatesque
581 3645 732 3748 reliquas
761 3629 996 3748 legationibun
1009 3641 1209 3734 [sollicitant.
