2814 4754
238 401 315 502 256
429 395 452 458 -'
489 393 966 491 numeneus-stan
1042 409 1049 425 ·

155 599 160 608 ¹
235 583 446 665 temporum·
464 563 624 642 secundis
656 561 801 662 proeliis,
839 557 930 634 nihil
957 555 1047 633 adeo
1072 555 1233 638 arduum

238 685 300 764 fibi
317 686 573 796 exiffimabsnt,
601 686 698 786 quod
714 710 787 759 uon
810 681 941 758 virtute
962 677 1128 781 consequi
1140 681 1232 781 'pos-

234 806 336 883 ssent:
362 829 479 907 neque
495 808 589 910 prius
605 807 715 883 finem
737 790 904 904 sequendi
921 802 1092 894 fecerunt,
1121 827 1229 901 quam

141 921 146 934 ’
237 953 343 1005 muro
373 928 500 1028 oppidi
535 927 709 1028 portisque
741 924 1072 1025 adpropinquarent.
1130 925 1231 1000 Tum

238 1073 323 1123 vero
341 1073 387 1124 ex
411 1049 576 1125 omnibus
588 1048 685 1124 urbis
706 1046 862 1146 partibus
881 1065 959 1121 orto
975 1045 1143 1135 clamore,
1167 1041 1231 1144 qui

237 1169 377 1268 longius
389 1173 547 1274 aberunt,
561 1169 744 1268 repentino
755 1167 909 1243 tumultu
921 1164 1105 1266 perterriti,
1116 1190 1230 1264 quum

238 1289 378 1368 hostem
402 1291 491 1366 intra
507 1285 630 1390 portas
647 1291 715 1368 effe
732 1283 982 1379 existimarent,
1008 1285 1078 1362 sese
1092 1311 1139 1361 ex
1163 1310 1227 1385 op·

240 1411 329 1513 pido
357 1409 541 1510 ejecerunt.
591 1410 866 1496 Matresfamiliae
891 1410 1069 1484 de-muro
1098 1406 1232 1483 vestem

239 1551 496 1635 argentumque
516 1530 722 1631 jactabam
747 1537 786 1608 ,ἃ
814 1528 965 1630 ρεᾶοτίε
994 1530 1066 1604 fine
1095 1528 1231 1628 promi·

238 1673 374 1745 nentes,
411 1649 517 1751 pallis.
540 1645 702 1727 manibus
733 1651 998 1731 obtestabantur
1030 1654 1231 1759 Romunos,

238 1793 279 1848 ut
314 1773 377 1849 fibi
406 1794 612 1872 parcerent3
651 1797 735 1866 neu,
765 1775 852 1850 ficut
871 1772 1025 1848 vAvarici
1058 1769 1231 1865 feciffent‚

185 1907 187 1912 “
239 1918 284 1970 ne
317 1893 523 1970 mulieribus
551 1895 698 1994 quidem
726 1913 832 1993 atque
857 1891 1051 1969 ‘infantibus
1079 1892 1232 1968 abstine·

239 2035 340 2091 rent:
375 2016 570 2106 nonnulle,
589 2017 656 2090 «de
676 2015 785 2096 muris
813 2040 877 2114 per
899 2039 1030 2090 manus
1057 2012 1230 2106 demiffae,

239 2135 306 2212 sese
336 2136 508 2212 militibus
538 2136 772 2212 transdebanr.
821 2140 870 2212 L.
897 2119 1042 2228 Fabius,
1072 2133 1233 2211 centurio

239 2257 387 2356 legionis
404 2283 501 2349 vrit,
527 2255 635 2357 quem
652 2257 742 2332 iuter
763 2255 843 2336 suos
859 2281 902 2332 eo
918 2257 976 2333 die
999 2251 1124 2336 dixisse
1146 2281 1230 2332 con·

238 2377 363 2470 stabat,
392 2374 534 2453 excitari
561 2377 595 2453 se
617 2379 886 2455 Avaricensibus
910 2377 1077 2482 praemiis,
1114 2401 1231 2478 neque

239 2499 523 2593 commillurum,
548 2521 586 2578 ut
611 2501 708 2600 prius
724 2488 909 2600 quisquam
927 2496 1072 2577 murum
1089 2499 1232 2577 adscen-

238 2623 351 2714 deret,
378 2642 446 2697 tres
473 2621 551 2696 suos
577 2625 699 2698 nadus
721 2622 968 2724 manipulares,
998 2641 1105 2719 atque
1127 2622 1176 2697 ab
1191 2618 1232 2696 iis

237 2741 451 2834 sublevatus,
478 2769 620 2819 murum
635 2741 812 2818 adscendit
826 2770 837 2815 ,ε
865 2766 926 2817 eos
941 2739 1013 2841 ipse
1031 2740 1145 2820 rudus
1165 2745 1230 2818 sur·

240 2864 343 2965 gulos
355 2884 566 2962 exceptans2
588 2866 625 2943 in
643 2891 786 2943 murum
802 2863 939 2939 extulit.

287 2986 461 3062 XLVIII.
486 2986 630 3062 InterIm
648 2985 687 3078 ii,
710 2985 772 3086 qui
789 2985 835 3062 a'd
851 2987 997 3062 alteram
1013 3003 1152 3085 partem
1166 3006 1230 3084 op·

240 3104 328 3207 pidi,
354 3124 393 3181 ut
409 3103 511 3206 supra
526 3106 857 3200 demonstravimus,
881 3106 1085 3184 munitionis
1102 3107 1230 3198 cauus,

238 3248 489 3320 convenerant,
505 3227 632 3326 primo
649 3229 817 3306 exaudito
832 3231 1002 3332 clamore,
1028 3229 1112 3306 inde
1127 3228 1232 3304 etiam
1311 3273 1312 3278 =

239 3348 367 3426 crebris
393 3349 530 3426 nunciis
547 3348 693 3443 incitari,
723 3350 899 3453 oppidum
922 3355 969 3428 ab
985 3349 1158 3428 Romanis
1181 3365 1232 3423 te·

239 3471 327 3563 neri,
345 3471 523 3571 praemiffis
540 3469 732 3571 equitibus,
750 3497 884 3572 magno
899 3475 1070 3550 concursu
1086 3489 1129 3545 eo
1145 3493 1232 3546 con·

239 3591 440 3666 tenderunt.
502 3595 638 3668 Eorum
665 3611 707 3673 ut
738 3592 886 3694 quisque
912 3595 1045 3694 primus
1073 3609 1233 3698 venerut,

238 3709 303 3788 sub
318 3735 421 3788 muro
434 3713 650 3806 consistebat,
676 3713 889 3818 suorumque
912 3713 1147 3815 pugnantium
1164 3737 1229 3790 nu*
