2814 4754
349 391 401 446 ur
424 356 557 447 Bruto
579 366 769 448 Gnaarco
793 367 888 444 er.
905 366 987 442 VII.
1088 389 1157 468 257

158 567 307 622 merum
319 547 492 646 augebat:
511 549 678 648 Quorum
690 534 803 649 quum
819 569 950 648 magna
964 543 1158 620 multitudo

156 665 397 760 convenisset,
423 666 707 762 matresfamiliae,
733 695 814 770 quae
830 669 949 769 paullo
970 686 1053 742 ante
1081 669 1158 741 Ro·

156 785 281 864 manis
303 787 351 862 de
378 813 482 865 muro
498 814 623 866 manus
645 791 851 883 tendebant,
881 787 958 865 suos
979 787 1158 880 obtestari,

157 913 216 1012 ὅτ,
236 934 335 998 more
349 909 504 1004 Gallico,
527 913 667 1012 paffum
682 913 850 1012 capillum
863 909 1047 1000 ostentare,
1069 909 1158 984 libe·

153 1027 289 1132 rosque
320 1031 359 1106 in
386 1030 612 1131 conspesmm
643 1031 795 1132 proferre
826 1051 1021 1130 coeperunt.
1074 1033 1162 1106 Erae

155 1151 341 1230 Romanis
362 1178 428 1230 nee
451 1154 546 1244 loco,
570 1177 640 1234 ,uec
659 1133 808 1227 numero
831 1177 933 1250 aequa
951 1152 1155 1226 contentior

155 1275 269 1350 simul
295 1277 330 1348 δι
347 1270 476 1364 eursu,
515 1275 549 1348 r:
581 1269 691 1375 spatio
716 1297 846 1373 pugnae
875 1271 1056 1370 defatigati
1084 1299 1157 1348 non

155 1386 269 1472 facile
285 1409 439 1470 recentes
455 1413 559 1494 atque
575 1393 728 1495 integros
745 1393 969 1472 sustinebant.

215 1498 356 1593 XLIX.
381 1513 510 1607 Caesar,
535 1541 646 1616 quum
662 1513 786 1614 iniquo
798 1515 1056 1619 loco-pugnari,
1079 1513 1157 1592 hos·

158 1637 329 1734 tiumque
344 1633 471 1740 augeri
496 1637 616 1736 copias
642 1635 791 1727 videret,
819 1656 1053 1737 praemetuens
1076 1637 1158 1730 suis,

158 1755 212 1835 ed
233 1757 282 1831 T.
298 1757 459 1834 Sextium
479 1760 654 1858 legatum,
680 1783 788 1858 quem
818 1757 1015 1836 minoribus
1040 1761 1157 1837 castrls

158 1875 326 1977 praelidio
348 1877 544 1976 reliquerat,
567 1877 689 1970 mittit,
714 1897 756 1952 ut
781 1863 944 1954 cohortes
971 1905 1017 1957 ex
1039 1881 1156 1961 eastris

160 1995 323 2074 celeriter
340 1979 517 2089 educeret,
542 2001 577 2073 δι
605 1996 669 2074 sub
695 1998 822 2104 infimo
842 2000 933 2074 colle
960 2001 1006 2074 ab
1031 1999 1158 2075 dextro

162 2121 271 2196 latere
297 2119 453 2199 hostium
486 2119 728 2201 constitueret:
772 2139 826 2212 ut,
859 2123 883 2196 sr
917 2121 1049 2202 nostros
1076 2123 1159 2198 loco

160 2237 329 2340 depulsos
356 2239 508 2332 vidisset,
541 2239 760 2340 quominus
787 2241 899 2317 libere
924 2241 1040 2318 hostes
1068 2241 1156 2318 inse·

161 2379 372 2462 querentur,
397 2381 550 2437 terreret.
587 2361 664 2461 Ipse
682 2363 842 2460 paullum
855 2387 901 2436 ex
918 2346 960 2437 eo
971 2365 1056 2442 loco
1073 2357 1169 2442 curn'

160 2481 309 2582 legione
324 2485 536 2584 progressus,
561 2483 624 2560 ubi
640 2483 850 2575 constiterat,
876 2505 1042 2564 eventum
1065 2511 1155 2586 pug-

163 2629 221 2679 nae
237 2602 466 2704 exspeerabat.
1010 2612 1012 2618 ‘

212 2727 260 2805 L.
285 2723 409 2824 Qum
421 2725 589 2804 acerrime
605 2711 804 2806 comminus
820 2747 1037 2828 pugnaretur
1047 2756 1058 2814 3
1078 2722 1157 2802 hosa

162 2863 216 2920 tes
243 2847 336 2936 loco,
366 2851 401 2922 ὃτ
427 2873 588 2937 numero,
621 2847 729 2926 nostri
758 2849 888 2925 virture
905 2851 1155 2937 ·confiderent;

163 2963 282 3054 subito
305 2965 390 3047 sunt·
411 2965 522 3040 AEdui
550 2966 627 3057 visr,
652 2970 699 3042 ab
727 2966 833 3043 latere
855 2969 984 3044 'nostris
1009 2989 1155 3066 aperto;

164 3109 257 3185 quos
272 3085 383 3162 Caesar
397 3088 444 3160 ab
467 3087 596 3162 dextra
617 3105 714 3184 parte
723 3067 799 3162 ¹alio
828 3086 1005 3179 adscensu,
1031 3113 1158 3162 manus

163 3203 375 3304 distinendae
401 3208 531 3297 caussa,
567 3204 714 3285 miserat.
768 3207 823 3282 Hi
851 3208 1076 3313 fimilitudine
1104 3233 1157 3281 ar-

165 3351 310 3402 morum
326 3328 552 3403 vehementer
567 3327 702 3402 nostros
719 3347 1000 3427 perterruerunt:
1026 3354 1082 3421 ac,
1105 3347 1156 3403 ta-

147 3451 265 3528 -metsr
281 3447 411 3522 dextris
437 3447 592 3524 humeris
614 3446 753 3528 exsertis
778 3441 1156 3542 animadvertebantur,

168 3569 266 3677 quod
292 3568 426 3670 insigne
443 3558 657 3669 pacatis'effe
680 3569 874 3662 consuerat,
900 3591 1017 3650 tamen
1043 3572 1080 3646 id
1103 3573 1156 3672 ip·

166 3687 243 3769 sum
256 3689 306 3768 sui
323 3690 465 3768 fallendi
483 3695 597 3769 caussa
612 3691 740 3768 milites
763 3695 809 3768 ab
837 3691 994 3770 hostibus
1023 3693 1156 3795 saelum
