2932 4750
416 437 475 486 na
499 413 618 487 Barrb
640 415 811 486 Guuco
835 412 987 488 Limll.
1147 436 1192 514 59

211 584 238 658 is
268 584 379 676 collis,
409 584 472 659 ubi
500 585 608 660 castra
637 589 746 685 pofita
774 604 885 676 erant,
920 584 1118 684 paullulum
1153 607 1201 665 ex

208 705 348 802 planitie
371 706 483 800 editus¹
504 709 639 781 'tantum
655 705 817 780 adversus
837 706 874 779 in
899 705 1118 780 latinrdinem
1136 729 1198 802 pa·

206 827 316 918 rebat,
336 847 506 924 quantum
525 828 593 902 loci
609 828 700 918 acies
724 828 884 916 instructa
909 850 1083 924 occupare
1099 845 1198 923 pote·

201 965 272 1036 rat,
296 965 401 1044 atque
422 973 467 1021 ex
489 969 637 1048 utraque
663 970 759 1046 parre
782 947 892 1022 lateris
913 947 1065 1046 dejestus
1089 949 1197 1022 babe-

208 1068 292 1153 bat3
329 1071 362 1140 δι
397 1065 553 1142 frontem
586 1069 708 1142 leniter
739 1068 916 1166 fastigatus
945 1067 1122 1166 paullatim
1152 1068 1199 1145 ad

206 1187 387 1285 planitiem
416 1188 575 1262 redibat:
612 1191 658 1260 ab
691 1207 840 1286 utroque
868 1190 971 1263 latete
998 1187 1069 1286 ejus
1099 1187 1200 1278 collis

205 1307 430 1380 transversam
459 1306 580 1380 foffam
608 1307 758 1382 obduxit
782 1308 918 1384 circiter
940 1310 1097 1406 paffuum
1120 1333 1197 1382 cn:

208 1430 243 1498 δι
276 1427 322 1498 ad
356 1446 527 1501 extremas
557 1426 656 1504 foffas
689 1427 825 1504 castella
855 1427 1048 1521 constituit,
1081 1427 1201 1526 ibique

205 1566 381 1620 tormenta
397 1549 617 1622 conlocavit:
644 1577 701 1642 ne,
721 1577 832 1648 quum
848 1549 960 1626 aciem
978 1549 1200 1641 instruxiffet,
1300 1527 1304 1544 ι

206 1667 321 1740 hostes
341 1669 456 1765 (quod
480 1689 615 1744 tantum
637 1671 862 1746 multitudine
883 1673 1062 1769 poterant)
1080 1673 1127 1746 ab
1144 1673 1197 1746 la·

205 1788 335 1860 teribus
353 1811 546 1888 pugnantes
563 1790 639 1864 suos
657 1792 909 1866 circumvenire
926 1791 1070 1890 pollent.
1111 1795 1199 1868 Hoc

164 1935 171 1948 ¹
205 1907 310 1998 fatto,
333 1911 469 1984 duabus
493 1913 703 2010 legionibus,
727 1939 813 2009 quas
839 1913 1001 2008 proxime
1029 1912 1199 2010 conscrip-

189 2005 306 2122 xserat,
334 2031 369 2123 in
387 2032 509 2106 castris
527 2032 666 2122 relictis,
689 2052 742 2121 ut,
768 2036 791 2106 sr
810 2058 879 2130 qua
896 2057 985 2129 opus
1001 2034 1098 2120 effer,
1121 2030 1199 2106 sub·

206 2151 293 2224 sidio
311 2152 393 2225 duci
411 2154 559 2248 pollent,
585 2151 733 2250 reliquas
760 2150 819 2225 sex
836 2151 990 2251 legiones
1008 2177 1073 2249 pro
1090 2151 1201 2226 castris

206 2271 248 2344 in
266 2271 350 2361 ,acie
376 2271 564 2344 constituit.
628 2271 759 2349 Hostes
787 2272 871 2346 item
903 2270 977 2346 suas
1005 2273 1125 2371 copias
1155 2297 1200 2348 ex
1236 2251 1244 2264 Ι

205 2390 323 2468 eastris
340 2392 480 2464 eduens
497 2390 737 2467 instruxerant.

187 2511 188 2518 '
255 2514 321 2586 IX.
347 2512 450 2589 Palus
479 2533 550 2585 erat
574 2503 644 2586 uon
668 2540 795 2612 magna
818 2514 905 2588 inter
923 2513 1077 2588 nostrum
1094 2533 1200 2610 atque

206 2632 358 2708 hostium
375 2633 579 2708 exercitum.
630 2638 737 2710 Hanc
752 2640 774 2710 sr
792 2635 896 2710 nostri
912 2638 1102 2724 tranfirent,
1121 2633 1197 2710 hos-

207 2773 258 2827 tes
274 2753 544 2852 exspeciabant;
573 2757 678 2830 nostri
704 2777 837 2846 autem,
868 2761 890 2830 sr
907 2759 953 2830 ab
975 2755 1041 2830 illis
1060 2755 1200 2832 initium

209 2873 403 2949 transeundi
428 2879 538 2971 fieret,
567 2898 607 2951 ut
633 2878 804 2976 inpeditos
831 2879 1114 2976 adgrederentur,
1138 2903 1198 2974 pa-

206 2995 272 3068 rati
289 2996 326 3070 in
348 3000 450 3071 armis
465 2975 573 3072 erant.
625 2998 769 3072 lnterim
793 2999 918 3095 proelio
935 2997 1083 3095 equestri
1110 2995 1201 3068 inter

209 3118 294 3190 duas
319 3117 410 3192 acies
434 3121 719 3194 contendebatur.
770 3119 846 3194 Ubi
865 3119 979 3202 neutri
1002 3114 1200 3189 transeundi

179 3281 183 3286 -
209 3236 346 3312 initium
360 3238 506 3328 faciunt,
525 3238 730 3313 secundiore
742 3238 902 3335 equitum
920 3237 1048 3334 proelio
1065 3235 1199 3327 nostris,

209 3357 322 3432 Caesar
336 3357 462 3432 suosin
486 3358 596 3433 castra
620 3357 770 3432 reduxit.
820 3357 953 3432 Hostes
977 3356 1134 3456 protinus
1155 3385 1200 3436 ex
1232 3377 1235 3384 ⁴

209 3504 251 3586 eo
279 3480 359 3554 loco
385 3481 430 3552 ad
457 3479 590 3556 flumen
618 3484 787 3554 Axonam
812 3479 1080 3568 contenderunt,
1104 3481 1199 3578 quod

208 3603 275 3675 effe
291 3601 368 3699 post
385 3599 502 3675 nostra
517 3601 621 3678 castra
632 3600 908 3676 demonstratum
921 3600 981 3674 est.
1031 3599 1085 3676 Ibi
1102 3600 1201 3676 vadis

209 3721 363 3820 repertis,
390 3740 525 3824 partem
544 3717 681 3800 suarum
706 3720 887 3825 copiarum
904 3721 1123 3798 transducere
1139 3745 1198 3794 co·
