2814 4754
255 377 328 432 210
530 349 574 424 C.
599 349 740 444 Junrr
766 345 979 422 Cnsnnts

258 523 490 592 “manorum
514 517 674 592 contulit.
724 515 876 592 Praesrdii
892 511 1112 604 tantumest,
1141 531 1182 589 ut
1198 539 1242 591 ne
1302 546 1309 558 ·

244 645 287 710 ·.“
303 661 423 714 murus
461 637 606 737 quidem
635 637 729 738 cingi
763 639 878 737 possit,
913 658 1029 734 neque
1061 633 1241 734 quisquam

246 765 286 840 ,“
303 758 425 858 egredi
438 777 538 834 extra
562 757 773 833 munitiones
799 755 964 832 audeat.''
1012 753 1141 830 Oblata
1166 754 1239 855 spe,

254 880 436 972 Germani,
461 907 569 979 quam
594 879 687 954 naui
710 899 811 954 erant
835 880 1007 978 praedant,
1036 876 1074 950 in
1102 877 1240 954 occulto

255 1000 484 1101 relinquunt:
517 1001 578 1099 ipsr
603 1001 830 1076 Aduatucam
855 999 1085 1091 contendunt,
1109 1000 1158 1072 usi
1182 1023 1240 1073 eoa

255 1124 339 1197 dem
353 1124 458 1213 duce,
489 1119 588 1220 cujus
604 1122 680 1196 haec
696 1119 826 1196 indicio
843 1141 1096 1221 cognoverant.

305 1244 480 1319 XXXVI.
505 1242 646 1333 Cicero,
671 1242 732 1341 qui
750 1267 812 1341 pet
826 1267 950 1317 omnes
965 1227 1152 1338 superiores
1166 1237 1239 1314 dies

254 1363 437 1464 preceptis
448 1361 590 1438 Caesaris
599 1360 736 1439 summa
746 1361 930 1464 diligentia
946 1362 1074 1444 milites
1083 1361 1120 1436 in
1130 1357 1243 1437 castris

257 1483 492 1574 continuisset,
521 1509 563 1560 ac
591 1511 636 1560 ne
664 1486 824 1561 calonem
852 1485 996 1585 quidem
1025 1507 1243 1583 quemquam

257 1626 358 1680 extra
374 1603 608 1680 munitionem
623 1606 744 1706 egredi
769 1607 880 1706 passus
898 1605 994 1695 esset,
1021 1630 1081 1678 ιιι
1100 1604 1159 1680 die
1173 1600 1243 1677 dis·

255 1726 382 1820 fidens,
407 1726 453 1800 de
476 1752 623 1803 numero
648 1717 784 1803 dierum
801 1725 971 1803 Caesarem
996 1725 1105 1800 fidem
1129 1722 1241 1799 serva·

255 1868 390 1942 turum,
418 1851 516 1948 quod
538 1849 678 1951 longius
706 1876 789 1926 eum
817 1849 1035 1950 progressum
1063 1842 1241 1935 audiebat,
1272 1851 1308 1961 Q

257 1960 374 2072 nequit
390 1972 463 2045 ulla
477 1973 523 2046 de
534 1971 647 2046 reditu
663 1969 735 2071 ejus
751 1969 844 2046 sama
865 1969 1088 2046 adserebatur
1101 1995 1113 2054 3
1140 1965 1239 2040 simul

257 2119 378 2168 eorum
403 2115 582 2190 permotus
610 2091 771 2183 vocibus,
802 2090 878 2190 qui,
907 2090 998 2166 illius
1026 2085 1241 2190 patientiam,

255 2241 357 2312 paene
374 2213 599 2304 obseffionern
611 2215 858 2311 adpellabant3
885 2212 1057 2312 fiquidem
1067 2234 1114 2284 ex
1129 2205 1242 2282 castris

257 2331 377 2431 egredi
405 2356 477 2404 non
502 2332 646 2418 liceret;
674 2334 812 2406 nullum
840 2329 1010 2429 ejusmodi
1037 2329 1156 2407 casum
1181 2353 1242 2402 ex·

198 2433 204 2441 .
244 2453 426 2554 speclans,
449 2476 536 2551 quo,
565 2477 609 2526 rx
634 2451 803 2549 obpositis
826 2435 1039 2553 legionibui,
1068 2450 1242 2526 maximo·

256 2599 327 2672 que
355 2573 528 2670 equitatu,
557 2571 711 2669 dispersis
737 2597 779 2646 ac
796 2596 897 2669 paene
924 2571 1047 2644 deletis
1070 2570 1243 2664 hostibuS,

254 2692 293 2765 in
309 2691 452 2766 milibus
469 2693 628 2788 passuum
648 2716 701 2765 111
718 2688 864 2766 obsendi
882 2689 1016 2788 posset3
1044 2689 1245 2766 vcohortes
1266 2751 1274 2758 .

255 2809 508 2886 frumentatum
534 2809 571 2884 in
587 2809 764 2909 proximas
790 2809 921 2910 segetes
938 2809 1043 2911 nrifit,
1072 2833 1161 2910 quas
1190 2809 1243 2887 in·

87 3032 89 3042 ,
144 2989 146 2994 -
255 2953 307 3008 ter
325 2937 359 3008 δι
375 2931 486 3006 castra
507 2958 599 3007 unus
619 2931 767 3008 omnino
791 2930 890 3008 collis
909 2931 1082 3006 intererat.
1132 2933 1241 3008 Com·
1321 2951 1328 2972 ’

259 3057 374 3155 plures
392 3072 488 3127 erant
511 3050 548 3127 in
575 3052 689 3128 castris
704 3079 751 3128 ex
774 3052 973 3154 legionibus
1000 3052 1087 3154 aegri
1117 3052 1240 3146 relidi,

257 3203 304 3252 ex
335 3173 466 3275 quibus
493 3173 555 3272 qui
578 3175 647 3249 hoc
674 3173 785 3273 spatio
810 3173 950 3250 dietum
979 3175 1241 3266 convaluerant,

258 3296 393 3371 circiter
419 3319 491 3370 ccc
521 3293 585 3370 sub
610 3295 740 3376 vexillo
773 3321 844 3372 una
870 3295 1084 3372 mittuntur:
1116 3321 1244 3394 magna
1277 3315 1281 3326 “

257 3436 427 3522 praterea
454 3413 645 3500 multitudo
668 3415 849 3508 calonum,
883 3425 1014 3519 magna
1030 3418 1083 3493 vis
1100 3411 1243 3514 jumen·

258 3547 498 3634 toruquuae
511 3534 683 3612 incastris
707 3533 918 3631 subsederat,
948 3537 1038 3614 sada
1061 3535 1242 3637 potestate,

260 3654 425 3754 sequitur.
