2866 4754
187 435 196 480 ·.
242 418 291 503 94
483 401 526 475 C.
561 398 706 497 Joru
743 402 967 479 Casuum

239 557 492 672 conjunxerunt
508 599 749 675 :magnaque
766 595 929 674 praeterea
951 574 1140 651 multitudo
1156 600 1224 652 uni

238 693 347 792 dique
364 721 419 770 errw
433 696 550 771 Gallia
576 697 793 795 perditorum
817 697 1004 772 hominum
1029 691 1224 772 latronum-

238 836 308 912 que
332 800 580 909 convenerant,
608 843 697 916 quos
723 816 798 916 spes
824 816 1021 916 praedandi‚
1050 818 1224 894 studium·

238 958 308 1033 que
325 938 479 1012 bellandi
504 941 550 1013 ab
567 939 791 1039 agricultura,
818 943 851 1015 δι
882 938 1088 1037 quotidiano
1105 939 1224 1014 labore
1301 1032 1304 1040 Ι
1410 1031 1417 1042 ἱ

236 1062 433 1134 revocabat.
483 1060 630 1135 Sabinus
662 1060 791 1134 idoneo
818 1060 997 1136 omnibus
1012 1061 1115 1134 rebus
1145 1060 1224 1138 loco

236 1178 352 1254 castris
380 1179 446 1254 sese
463 1183 602 1256 tenebat
616 1209 639 1266 3.
655 1205 767 1279 quum
778 1180 971 1255 ¹Viridovix
999 1199 1120 1254 contra
1139 1205 1224 1256 eunt

222 1298 350 1374 duum
366 1300 506 1375 milium
532 1300 641 1400 spatio
657 1299 872 1394 consedisset,
897 1300 1123 1401 quotidieque
1140 1327 1222 1400 pro-

234 1419 349 1494 doctis
372 1421 484 1519 copiis
502 1421 685 1521 pugnandi
703 1419 908 1519 potestatem
922 1421 1065 1513 faceret,
1091 1440 1130 1495 ut
1145 1420 1223 1521 jam

233 1559 308 1614 non
324 1540 435 1616 solum
451 1541 606 1616 hostibus
627 1541 664 1616 in
691 1541 966 1618 contemtionem
991 1541 1138 1618 Sabinus
1160 1563 1221 1618 ve·
1313 1533 1316 1540 ’

235 1661 337 1753 niret,
362 1660 543 1736 sedetiam
569 1662 764 1738 nostrorum
787 1662 940 1737 militum
956 1661 1103 1737 vocibus
1130 1689 1221 1738 non-

233 1780 320 1856 nihil
346 1799 571 1880 carperetur:
610 1803 816 1883 tantamque
846 1783 1049 1882 opinionem
1086 1783 1222 1859 timoris

113 1932 115 1940 ’
233 1902 400 2000 praebuit,
428 1921 466 1978 ut
482 1901 558 2002 jam
573 1907 618 1978 ad
635 1907 767 1980 vallum
784 1904 973 1979 castrorum
990 1903 1105 1978 hostes
1121 1929 1220 1979 acce·

122 2101 125 2108 ,
231 2015 314 2098 dere
340 2025 522 2100 auderent.
571 2025 613 2099 Id
644 2051 685 2100 ea
712 2027 758 2101 de
785 2028 900 2100 cauffa
928 2023 1090 2116 faciebat,
1121 2004 1220 2124 quod

232 2169 317 2220 curn
335 2167 429 2222 tanta
445 2147 669 2222 multitudine
688 2147 855 2238 hostium,
884 2145 1072 2245 praesertint
1095 2171 1140 2221 eo
1154 2149 1230 2222 abr

231 2266 337 2358 sente,
375 2269 437 2367 qui
468 2269 641 2343 summam
674 2266 813 2365 imperii
844 2287 987 2359 teneret,
1020 2267 1096 2342 nist·
1115 2292 1219 2366 aequo

231 2387 325 2479 locu,
351 2408 410 2462 aut
427 2389 687 2488 obportunitate
713 2387 831 2486 aliqua
858 2389 954 2480 data,
980 2377 1097 2490 le'gato
1113 2389 1220 2464 dimi·

231 2509 384 2582 candum
401 2535 474 2582 non
490 2508 721 2583 existimabat.

280 2632 417 2706 XVIII.
443 2631 527 2704 Hac
551 2629 755 2704 confirmata
780 2627 947 2726 opinione
963 2627 1111 2720 timoris,
1139 2629 1218 2704 ido-

227 2775 336 2824 neum
348 2751 542 2848 quemdam
554 2747 735 2824 hominem
754 2748 969 2824 &callidum
981 2748 1113 2848 delegit
1129 2751 1216 2826 Gal-

229 2873 305 2945 Ium
327 2895 373 2945 ex
401 2870 468 2960 his,
485 2891 588 2969 ¹quos
613 2869 735 2945 auxilii
763 2869 877 2945 cauffa
903 2867 1021 2944 secum
1049 2869 1216 2948 habebat.

228 2989 329 3067 Huic
347 2991 484 3090 magnis
502 2990 655 3090 praemiis
678 2991 1217 3092 pollicitationibusque'persua·

228 3113 301 3205 det,
335 3114 387 3189 uti
414 3113 460 3188 ad
491 3112 605 3188 hostes
631 3110 802 3188 transeat:
837 3115 873 3186 ὅτ
900 3111 989 3211 quid
1014 3114 1089 3190 fieri
1117 3113 1216 3208 velit,
1298 3177 1301 3186 ,

227 3235 363 3310 edocet.
412 3233 486 3334 Qu
512 3234 573 3309 ubi
591 3259 655 3334 pro
672 3234 821 3336 perfuga
841 3235 887 3310 ad
912 3259 972 3310 eos
988 3235 1101 3328 venit,
1125 3243 1155 3281 ‘⁶
1171 3235 1216 3312 ti-

229 3361 256 3398 “
277 3380 413 3430 morem
427 3360 674 3433 Romanorum
691 3355 881 3455 proponit:
906 3356 1035 3456 quibus
1050 3355 1217 3457 angustiis

228 3477 259 3515 “
277 3469 347 3572 ipse
359 3474 474 3551 Caesar
485 3503 507 3550 a
518 3476 662 3550 Venetis
679 3479 897 3576 prematur‚’'
913 3479 1038 3554 docet:
1057 3485 1216 3576 “neque
1235 3467 1237 3470 ’

228 3599 255 3637 “
273 3594 414 3694 longius
427 3599 555 3688 abdic,
575 3597 661 3695 quin
675 3584 1214 3695 proximanoctesabInuscIam

228 3721 256 3762 “
275 3739 320 3788 ex
349 3715 461 3806 qastris
486 3716 679 3798 exereitum
707 3719 850 3813 educat,
885 3725 919 3796 δι
949 3721 996 3796 ad
1023 3717 1212 3812 cesarem,
1273 3758 1279 3770 ·
