2814 4754
248 371 320 498 {32
428 347 444 446 i
491 393 716 492 CsJunrr
751 381 983 478 Casnnrs
1018 447 1021 452 ,
1060 447 1063 454 .

250 577 279 618 “
296 571 331 646 se
351 551 693 672 complosis'annos2
717 587 723 624 ³
729 569 793 646 illo
820 561 1042 671 imperante,
1058 567 1255 664 memisse,-'

251 700 279 738 “
295 675 335 767 ut
362 695 495 768 nullam
527 692 761 792 ignominiam
788 692 1003 792 acciperent,
1027 715 1245 790 numquam

250 817 279 858 ‘⁴
294 812 423 888 inrecta
437 839 474 889 re
484 797 723 892 discederent:
750 815 819 889 hoc
836 805 870 888 se
886 811 1251 913 ignominiaelaturos·

250 918 281 978 ‘s
296 933 391 1024 Ioco,
422 933 640 1043 stinceptam
664 929 969 1034 obpugnationem
997 929 1243 1033 reliquissent·
1270 983 1272 990 -

150 1043 152 1050 ’
249 1061 278 1102 “
296 1054 483 1155 prestare,
488 1071 612 1132 omnes
629 1054 782 1172 perferre
796 1053 1012 1146 acerbitates,
1040 1079 1149 1153 quam
1166 1079 1244 1129 non

250 1182 280 1221 “
299 1175 436 1286 civibus
463 1175 650 1286 Romanis,
684 1176 745 1276 qui
772 1175 910 1252 Genabi
940 1169 1087 1275 persidia
1111 1174 1243 1252 Gallo·
1226 1185 1260 1268 -ἱ,

250 1305 278 1342 “
296 1323 378 1372 rum
385 1277 594 1388 interissent,
612 1309 860 1395 parentarent.
842 1299 866 1331 ¹¹
902 1299 1000 1372 Hac
1013 1297 1137 1372 eedem
1156 1319 1243 1370 cen-

249 1417 450 1494 turionibus
464 1405 676 1520 tribunisque
693 1417 848 1494 militum
863 1411 1093 1510 mandabant,
1117 1437 1160 1495 ut
1172 1409 1250 1520 pei

249 1563 310 1614 eos
325 1539 377 1613 ad
386 1537 817 1622 C'aesarem'deserrentur.·
939 1553 940 1558 ’
980 1606 982 1610 .
1158 1591 1164 1616 r

156 1647 178 1714 ἰ
298 1661 433 1734 XVIII.
458 1663 584 1760 qum
608 1657 686 1759 jam
712 1685 813 1736 muro
828 1679 936 1736 turres
949 1657 1245 1758 adpropinquas·

247 1777 335 1872 sent,
354 1791 400 1855 ex
409 1781 558 1881 captivis
573 1779 688 1857 Caesar
699 1782 881 1882 cognovit,
891 1778 1244 1880 Vercingetorigem,

248 1900 432 1977 consumto
458 1905 602 2002 pabulo,
633 1904 741 1979 castra
763 1905 910 1980 movisse
937 1901 1080 2003 propius
1107 1900 1244 1980 Avari-

249 2035 347 2132 cum,
374 2007 479 2126 atque
508 2026 637 2134 ipsum,
669 2052 753 2102 cum
781 2025 951 2126 equitatu,
975 2020 1243 2122 expeditisque,
1273 2034 1275 2040 ’

149 2217 150 2222 ,
232 2147 313 2246 'qui
341 2147 430 2222 inter
446 2147 580 2258 equites
594 2147 753 2253 proeliari
779 2147 1009 2236 consuessent,
1037 2142 1247 2218 infidiarum

249 2269 366 2343 caussa
383 2294 426 2343 eo
450 2268 662 2366 profestum,
689 2294 761 2367 quo
778 2269 912 2342 nostros
939 2249 1077 2367 postero
1090 2263 1156 2346 die
1181 2288 1246 2363 pa·

249 2389 410 2463 bulatum
421 2407 585 2462 venturos
603 2388 853 2462 arbitraretur.
877 2386 1018 2486 Qribus
1032 2387 1139 2462 rebus
1156 2409 1245 2484 cog·

248 2507 344 2600 nitis,
369 2507 488 2609 media
503 2509 606 2582 noste
627 2493 767 2583 srlentio
790 2499 979 2607 professus,
1009 2501 1055 2579 ad
1082 2506 1245 2582 hostium

249 2630 358 2704 castra
379 2655 483 2703 mane
500 2619 668 2728 pervenit.
718 2627 788 2716 Illi,
811 2624 967 2699 eeleriter
996 2647 1059 2721 per
1074 2628 1246 2721 explora·

246 2769 338 2822 tores
355 2749 509 2822 adventu
525 2745 663 2824 Caesaris
682 2745 843 2845 cognito,
871 2767 988 2818 carros
1013 2743 1244 2842 inpedimen-

213 2877 217 2888 '
247 2888 354 2968 taque
385 2865 493 2960 sua,
484 2895 521 2944 rn
549 2850 696 2942 artiores
715 2867 822 2942 filvas
854 2863 1081 2956 abdiderunt,
1113 2867 1243 2966 copias

178 2985 184 3004 ⁸
248 2989 381 3065 omnis
397 2991 433 3064 in
462 2989 553 3065 loeo
574 2988 685 3064 edito
700 3008 808 3086 atque
838 3003 959 3085 aperto
990 2985 1242 3064 instruxerunt.

249 3115 333 3211 Qia
348 3136 385 3186 re
401 3100 593 3202 nunciata,
607 3107 720 3186 Caesar
735 3106 891 3232 celeriter
910 3105 1055 3236 sarcinas
1071 3106 1238 3198 conferri,

249 3259 347 3308 arma
362 3231 546 3334 expediriJ
537 3230 653 3306 uflit.
905 3275 910 3292 ι

252 3355 403 3430 XIX.
440 3352 553 3428 Collis
587 3369 683 3430 erat
693 3343 816 3434 leniter
847 3347 894 3424 ab
922 3347 1048 3424 infimo
1081 3285 1239 3438 adclivis.

250 3461 364 3548 Hunc
398 3499 445 3548 ex
476 3463 642 3548 omnibus
668 3460 741 3545 fere
774 3465 931 3570 partibus
960 3469 1057 3569 palus
1087 3467 1238 3544 difficilis

247 3609 355 3690 atque
387 3585 550 3690 inpedita
573 3591 751 3690 cingebat,
772 3591 873 3666 unon'
892 3589 994 3666 latior
1021 3587 1168 3689 pedibus
1183 3589 1236 3662 ἰ.

250 3713 337 3800 Hoc
360 3709 394 3788 se
412 3707 524 3803 colle,
551 3709 750 3816 interruptis
771 3711 953 3814 pontibus,
981 3709 1076 3788 Galli
1104 3698 1236 3784 fidutia
