2932 4750
434 382 485 450 nu
507 376 639 452 Basso
663 375 852 450 Gsnsreo
875 369 968 454 Lra.
984 377 1031 452 11.
1169 396 1208 476 ps

235 543 402 646 fignisque
414 549 451 622 in
465 575 577 626 unum
594 551 713 630 locum
729 549 875 628 conlatis
888 546 1108 624 duodecime
1126 546 1229 648 legit

235 666 310 741 onis
325 667 499 746 confertos
515 670 641 762 milites
653 670 714 746 fibi
730 668 820 769 ipsos
832 671 878 746 ad
894 693 1053 770 pugnam
1069 669 1138 744 eise
1159 666 1214 742 in·

232 786 465 895 pedimento3
504 811 637 892 quartae
666 790 816 874 cohortis
847 789 1011 868 omuibus
1039 787 1212 864 centurio-

231 905 335 984 nibus
350 908 492 1001 occifis,
505 910 738 1012 figniferoque
750 910 945 1001 interfeilo,
963 912 1061 1010 figno
1067 908 1211 999 amilio,

228 1027 443 1127 reliquarum
459 1031 656 1106 cohortium
673 1031 839 1107 omnibus
859 1029 930 1105 fer'e
954 1028 1214 1106 centurionibus
1280 1107 1288 1124 ‚

232 1167 293 1223 aut
317 1150 521 1240 vulneratis,
549 1170 609 1224 aut
634 1150 768 1243 occisrs‚
796 1149 834 1224 iu
858 1149 912 1224 his
938 1147 1146 1248 Primopilo,
1170 1151 1212 1224 Ρ.

230 1267 353 1344 Sextio
366 1270 512 1360 Buculo,
537 1267 716 1346 fortillrmo
732 1268 824 1362 viro,
842 1267 963 1344 multis
983 1266 1213 1368 gravibusque

232 1387 441 1464 vulneribus
458 1388 629 1482 confei'ro,
663 1409 703 1465 ut
723 1387 800 1490 jam
816 1387 851 1466 se
867 1387 1031 1464 sustinere
1048 1410 1120 1461 non
1136 1385 1214 1486 pos·

173 1587 176 1598 ,
232 1505 319 1596 sete
333 1508 485 1608 reliquos
506 1511 572 1588 effe
597 1510 778 1603 tardiores,
800 1515 835 1586 ὅτ
863 1510 1060 1595 nonnullos·
1075 1509 1123 1582 ab
1149 1531 1214 1582 no·

232 1625 374 1703 viffimis
394 1629 542 1706 desertos
569 1631 695 1731 proelio
718 1615 970 1724 excedere,‘ac
997 1631 1067 1705 tela
1090 1627 1212 1720 vitare,

233 1749 338 1824 hostis
355 1774 471 1849 neque
494 1777 515 1828 a
530 1749 644 1828 fronte
660 1777 706 1828 ex
730 1751 893 1828 inferiore
912 1753 1002 1828 'loco
1014 1777 1016 1784 ’
1026 1747 1213 1856 subeuntes

232 1867 471 1962 intermittere,
499 1874 534 1945 δι
557 1876 603 1947 s'b
621 1891 770 1972 utroque
791 1874 902 1947 ‘latere
917 1872 1055 1960 instare,
1077 1873 1112 1944 bt
1139 1895 1215 1946 rem

233 1992 301 2096 elle
316 1991 355 2066 in
371 1990 520 2091 angusto
536 1991 639 2083 vidit,
670 2017 785 2092 neque
801 1993 914 2072 ullum
930 1992 999 2065 effe
1013 1987 1215 2080 subsrdium,

231 2113 332 2211 quod
364 2109 523 2186 submitti
549 2113 660 2209 posset
673 2140 695 2199 3v
709 2111 816 2186 leuto
854 2112 900 2185 ab
929 2105 1121 2184 no‘viliimis
1151 2108 1216 2182 uni

232 2229 339 2304 militi
355 2229 511 2306 desasto
526 2231 648 2329 (quod
672 2230 742 2330 ipse
769 2256 812 2306 eo
828 2235 898 2306 fine
923 2229 1018 2304 scuto
1041 2229 1232 2328 venerat,)‘

231 2345 272 2424 in
289 2347 442 2448 primam
469 2347 582 2426 aciem
610 2353 781 2450 proceffit,
808 2346 1136 2450 'centurionibusque
1150 2350 1215 2424 no·

232 2469 396 2545 minatim
415 2469 609 2568 adpellant,
628 2471 777 2571 reliquos
791 2473 989 2550 cohortatus
1006 2469 1132 2546 milites
1148 2473 1233 2572 fig?

232 2615 280 2664 na
295 2588 434 2682 inferre,
457 2592 492 2665 bs
509 2590 707 2691 manipulos
723 2593 841 2668 laxare
856 2579 970 2692 juffit,
993 2616 1067 2690 quo
1083 2587 1216 2666 facilius

160 2735 164 2742 ·
234 2711 357 2811 gladiis
373 2711 425 2786 uti
441 2699 585 2810 pollent.
634 2710 745 2813 Cujus
760 2714 915 2816 arlventu
938 2709 998 2811 spe
1019 2710 1125 2786 inlata
1147 2710 1214 2786 mi·

235 2831 367 2925 litibus,
389 2858 431 2908 ac
447 2833 681 2936 redintegrato
696 2834 967 2932 animo,‘quum
984 2856 1050 2930 pro
1073 2830 1107 2906 se
1123 2819 1215 2931 quis·

233 2980 305 3054 que
318 2954 357 3028 in
373 2953 557 3054 conspeelu
578 2954 815 3055 Imperatoris,
838 2957 873 3027 br
892 2951 968 3052 jam
992 2952 1030 3024 in
1054 2950 1219 3028 extremis

211 3072 302 3163 ,suis
316 3077 420 3150 rebus
435 3100 579 3173 operam
601 3100 729 3151 navate
744 3093 927 3174 cuperent,
956 3070 1115 3171 paullum
1139 3069 1231 3144 hos-⁴

162 3201 165 3204 ’
234 3194 325 3272 tium
339 3195 478 3294 inpetus
492 3197 643 3270 tardatus
658 3196 720 3270 est.
756 3251 762 3260 .
795 3217 797 3226 ⁴
907 3236 912 3243 ·
1226 3181 1228 3188 ⁵

216 3337 221 3346 ·
284 3317 422 3392 XXVI.
447 3312 559 3392 Caesar
575 3339 690 3413 quum·
699 3311 885 3412 septimam
914 3309 1105 3410 legionem,
1137 3334 1217 3408 quae

229 3435 334 3536 juxta
349 3435 563 3526 constiterat,
587 3434 673 3510 item
700 3430 843 3533 urgueri
862 3433 912 3506 ab
940 3427 1039 3504 hoste
1066 3425 1240 3525 vidisset,

234 3555 412 3637 Tribunos
429 3556 583 3632 militum
600 3554 752 3646 monuit,
771 3575 811 3630 ut
828 3550 1008 3657 paullatim
1023 3548 1090 3626 sese
1106 3550 1217 3652 legio·

237 3702 298 3756 nes
313 3673 581 3780 conjungerent,
611 3679 644 3752 δι
667 3673 831 3753 conversa
847 3677 943 3776 ligna
966 3670 1002 3748 in
1023 3673 1137 3758 hostes
1163 3672 1218 3746 in-

678 3799 758 3890 F4
