2932 4750
428 405 480 456 un
498 381 831 462 BratoGntnrco
857 384 950 464 Lrn.
964 384 993 458 1.
1155 407 1197 486 ις

211 571 280 628 ant.
329 553 404 653 Qri
433 552 595 654 cupidius
628 550 849 628 novissimum
881 571 1013 649 agmen
1040 543 1200 640 insecuti,

208 674 321 750 alieno
338 677 422 751 loco
449 701 532 755 curn
559 672 720 773 equitatu
747 668 1001 748 Helvetiorum
1031 667 1200 768 prolium

211 797 441 872 committunt
453 823 465 883 a
499 799 532 872 lt
563 794 664 894 pauci
692 795 739 868 de
764 789 888 868 nostris
919 792 1060 866 cadunt.
1111 789 1200 890 Qu
1262 774 1284 799 '¹

212 917 342 1015 proelio
357 916 481 993 sublati
498 916 674 1019 Helvetii,
695 913 793 1014 quod
809 911 1014 1012 quingentis
1022 911 1199 1012 equitibus

210 1057 342 1112 tantam
360 1036 623 1114 multitudinem
641 1035 803 1133 equitum
826 1035 1065 1132 propulerant,
1088 1035 1198 1112 auda·

210 1156 283 1232 cim
299 1156 492 1248 subsistere,
517 1179 786 1252 nonnumquam
804 1158 838 1228 lt
856 1154 1041 1232 novissimo
1056 1154 1198 1254 agmine

209 1278 337 1376 ptoelio
364 1277 500 1352 nostroe
517 1277 676 1354 lacessere
699 1293 893 1373 coepenrnt.
943 1271 1058 1350 earn
1080 1273 1200 1353 sunta

210 1397 341 1496 proelio
365 1397 579 1490 continebat,
612 1411 652 1474 sc
676 1395 758 1473 satir
784 1397 937 1474 habebut
962 1393 1202 1494 inpraesentia

209 1517 345 1593 hostem
362 1517 505 1616 rapinis,
529 1517 825 1616 pabulationibus,
845 1515 1201 1616 populationibusque

186 1631 199 1694 ἑ
209 1638 406 1736 prohibere.
450 1641 508 1716 lta
536 1639 609 1718 dies
627 1639 765 1717 circiter
793 1637 998 1738 quindecim
1019 1637 1084 1715 iter
1106 1637 1199 1714 sece-

118 1805 121 1812 .
209 1779 306 1853 runt,
329 1756 398 1836 uti
432 1757 523 1836 inter
551 1759 778 1849 novissimum
806 1757 957 1836 bostium
989 1781 1136 1858 agmen,
1164 1763 1199 1839 bt

211 1878 370 1956 nostnnn
400 1880 567 1977 primurn,
601 1905 674 1956 non
702 1880 853 1978 amplius
882 1878 1000 1977 quinis
1027 1898 1087 1957 aut
1113 1876 1201 1954 senia

208 1999 360 2076 milibus·
370 2004 529 2098 passuum
549 2000 735 2080 interesset.

189 2160 230 2194 ,μ
258 2123 360 2196 xvl.
381 2120 534 2196 ,interim
563 2119 721 2218 quotidie
743 2118 857 2200 casn
881 2117 1021 2196 AEduot
1042 2117 1199 2196 strinien-

205 2260 303 2329 tum,
327 2241 425 2338 quod
441 2242 549 2317 client
560 2239 707 2338 ,publice
718 2238 883 2338 polliciti,
899 2239 1070 2338 flagitare.
1103 2241 1201 2320 Nam

209 2379 355 2458 propter
373 2358 516 2459 frigora,
541 2363 639 2460 quod
656 2360 772 2438 Gallia
785 2359 856 2442 ,sub
870 2360 1198 2458 Septentrionibus,

208 2500 348 2558 utante
361 2479 499 2564 ditium
515 2481 579 2572 eli,
606 2485 714 2580 posita
730 2480 795 2572 ost,
820 2507 892 2558 non
909 2483 1022 2570 modo
1041 2481 1198 2560 frumen·

207 2620 245 2678 ta
260 2601 298 2676 in
325 2602 415 2701 agris
433 2621 567 2678 matura
591 2607 666 2679 'non
682 2621 792 2693 erant,
817 2601 877 2680 led
904 2627 951 2678 ne
975 2603 1096 2701 pabuli
1120 2603 1199 2702 qui·

209 2723 293 2798 dem
309 2721 389 2800 lati's
405 2723 649 2824 magrueopia
665 2723 878 2821 subpetebat.
919 2727 975 2800 Eo
992 2743 1109 2804 autem
1125 2723 1197 2800 fru-

209 2862 344 2936 mento,
375 2845 475 2943 quod
502 2844 649 2922 flumine
666 2849 775 2924 Arare
803 2845 953 2922 navibus
978 2844 1197 2938 subvexerat,

211 2984 393 3062 propterea
421 2965 473 3040 uti
499 2964 615 3042 minut
642 2985 792 3064 poterat,
817 2956 915 3065 quod
938 2966 1001 3042 iter
1023 2969 1201 3044 abArare

211 3084 371 3160 Helvetii
393 3105 605 3176 ¹auerterant,
638 3086 813 3186 aquibus
840 3084 1016 3164 discedere
1044 3089 1201 3164 nolebat.

211 3202 323 3282 Diem
336 3231 382 3283 err
398 3207 456 3282 die
472 3209 602 3282 ducere
631 3205 759 3297 AEdui,
782 3205 946 3298 conferri,
975 3205 1200 3303 comportari,

212 3325 325 3402 adeffe
352 3325 480 3403 dicere·
532 3326 610 3402 Ubi
627 3323 661 3400 se
687 3325 821 3402 diutius
843 3326 928 3403 duci
951 3325 1139 3419 intellexit,
1165 3331 1201 3402 δι

213 3446 309 3525 diem
325 3445 466 3540 instare,
488 3447 639 3551 quodie
656 3444 872 3524 frumentum
894 3445 1064 3526 militibus
1085 3449 1202 3528 metiri

213 3587 413 3665 oporteret3
440 3569 642 3646 convocatis
658 3568 1202 3672 eorum·prinoipibut,·quorum

213 3712 382 3790 magnam
407 3689 547 3791 copiam
562 3690 607 3766 'in
624 3691 749 3801 cal'tris¹
765 3691 989 3786 habebat,in
1016 3691 1071 3772 his
1098 3691 1201 3770 Divi-
