2866 4754
158 377 161 386 ¹
284 409 353 502 146
444 379 510 473 ⁸.
568 404 1006 500 ominemini

282 587 312 628 “
326 604 403 655 orer
425 582 507 672 effe,
532 607 640 682 quam
665 581 936 674 incontinenti,
970 580 1088 658 nodos
1113 579 1269 667 videba-

281 707 310 744 “
327 726 417 776 mus.
469 700 588 800 Hujus
604 703 652 778 est
675 704 862 804 longitudo
877 701 1007 794 lateris,
1032 719 1071 776 ut
1092 699 1157 776 fert
1181 699 1269 772 illo·

279 827 309 866 “
325 847 406 896 rum
432 822 580 923 opinio,⁴
597 851 666 899 occ
682 823 830 900 milium.
879 821 1044 898 Tertium
1065 820 1115 895 est
1137 838 1270 894 contra

279 947 307 984 “
325 941 595 1040 septemtriones.
630 944 698 1018 Cui
715 943 804 1043 parti
821 946 917 1019 nulla
933 941 983 1016 est
998 937 1134 1041 objeera
1147 960 1242 1014 terra
1256 967 1272 1013 ε·
1316 1001 1319 1008 .

278 1069 307 1108 “
325 1063 384 1138 sed
407 1062 479 1162 ejus
499 1066 648 1164 angulus
670 1064 781 1140 lateris
798 1062 951 1140 maxime
967 1064 1013 1140 ad
1034 1058 1270 1138 Germaniam

279 1189 308 1227 “
325 1182 466 1282 spedat.
516 1185 616 1261 Huic
639 1185 736 1261 milia
751 1187 911 1285 paffuum
929 1209 1028 1258 occe
1049 1181 1088 1257 in
1104 1180 1268 1280 longitu·
1323 1241 1325 1248 ,

281 1304 451 1382 “dinem
478 1307 559 1396 effe,
585 1305 812 1380 existimatur.
860 1308 913 1380 Ita
939 1305 1053 1392 omnis
1077 1301 1188 1381 insula
1213 1299 1267 1376 est

279 1431 308 1468 “
326 1425 364 1498 in
379 1424 527 1499 circuitu
544 1425 649 1500 vicies
670 1445 815 1500 centum
829 1426 966 1501 milium
984 1411 1180 1523 paisuurn.”

213 1555 217 1563 '
327 1543 428 1619 XIV.
454 1551 483 1588 “
502 1547 560 1617 Ex
577 1545 631 1618 his
647 1545 810 1620 omnibus
827 1546 934 1644 longe
958 1544 1037 1618 sunt
1062 1543 1266 1618 humaniffi·

278 1667 308 1707 “
324 1664 390 1754 mi,
417 1664 477 1761 qui
489 1662 655 1737 Cantium
671 1664 851 1739 incolunt:
877 1689 955 1763 quae
973 1662 1072 1762 regio
1088 1663 1139 1737 est
1154 1662 1265 1737 mari·

279 1788 308 1826 “
325 1783 411 1858 tima
427 1783 567 1871 omnir3
593 1809 709 1883 neque
730 1786 883 1859 multum
903 1809 925 1858 a
944 1784 1079 1859 Gallica
1094 1781 1267 1858 differunt

221 1916 225 1930 ‘
281 1909 310 1947 “
329 1902 588 1980 consuetudine.
627 1904 807 1980 Interiores
830 1902 985 2004 plerique
1000 1903 1174 1978 frumenta
1187 1928 1267 1990 non

281 2031 310 2068 “
328 2025 466 2100 serunt:
494 2024 552 2100 sed
580 2025 670 2100 rane
688 2029 725 2100 ὅτ
744 2051 847 2104 carne
871 2025 995 2101 vivunt
1007 2053 1019 2113 ;
1046 2023 1266 2124 pellibusque

280 2151 310 2190 “
326 2144 404 2220 sunt
429 2145 566 2235 vestiti3
590 2149 725 2222 Omnes
749 2171 832 2223 vero
855 2147 888 2222 se
910 2146 1066 2223 Britanni
1086 2144 1178 2220 vitro
1204 2144 1263 2218 in-

282 2273 310 2310 “
328 2266 466 2358 ficiunt,
489 2267 587 2364 quod
603 2270 789 2343 caeruleum
806 2268 910 2361 efficit
926 2270 1091 2343 colorem.
1141 2271 1266 2364 Atque

281 2389 309 2427 “
327 2385 397 2456 hoc
414 2385 605 2457 horridiore
632 2386 710 2459 sunt
733 2387 769 2460 in
790 2412 913 2484 pugna
934 2387 1123 2485 adspenu:
1151 2385 1263 2484 capil-

279 2510 310 2547 “
325 2504 432 2602 loque
448 2501 525 2577 sunt
541 2503 731 2603 promiff03
758 2524 864 2604 atque
879 2492 977 2578 omni
993 2525 1092 2602 parte
1106 2504 1265 2602 corporis
1279 2554 1299 2565 ·-

279 2630 308 2669 ‘⁴
323 2623 410 2714 rasa,
427 2641 552 2721 praeter
568 2642 687 2720 caput,
714 2625 899 2701 &labrum
914 2623 1079 2721 superius.
1118 2624 1264 2710 Uxores

280 2748 308 2785 “
325 2744 456 2814 habent
470 2741 553 2817 deni
575 2742 801 2841 duodenique
815 2742 902 2817 inter
921 2742 955 2818 se
978 2728 1197 2838 communes,
1224 2746 1262 2822 ὅτ

280 2866 311 2905 “
327 2859 482 2936 maxime
503 2860 622 2937 fratres
638 2888 722 2939 cum
737 2861 910 2955 fratribus,
935 2863 1159 2962 parentesque
1175 2889 1259 2940 cum
1337 2949 1339 2952 ,

279 2987 308 3028 “
324 2980 466 3058 liberis:
493 2980 566 3074 sed,
595 2985 699 3084 siqui
719 2982 797 3060 sunt
811 2979 926 3070 exvhis'
947 2983 1030 3077 nati,
1056 3009 1182 3060 eorum
1196 2965 1256 3058 hn-

281 3109 310 3150 “
326 3104 457 3178 bentur
480 3104 595 3196 liberi,
622 3131 695 3204 quo
721 3104 875 3205 primum
892 3105 994 3206 virgo
1022 3130 1171 3205 quaeque
1193 3103 1257 3193 de·

280 3234 309 3271 “
326 3226 431 3300 dueta
448 3225 532 3300 est.''

327 3349 412 3436 XV.
438 3346 584 3445 Equites
595 3346 747 3423 hostium
762 3345 986 3447 effedariique
997 3346 1119 3422 acriter
1134 3345 1256 3446 proelio

203 3546 207 3558 ,
279 3491 362 3540 cum
374 3467 530 3565 equitatu
547 3463 664 3542 nostro
676 3469 713 3542 in
722 3468 843 3544 itinere
854 3457 1087 3544 conflixerunt
1096 3496 1108 3554 3
1125 3487 1258 3557 tamen,

279 3603 320 3657 ut
335 3585 439 3668 nostri
451 3587 615 3662 omnibus
631 3587 782 3686 partibus
797 3588 986 3687 superiores
996 3588 1133 3678 fuerint,
1150 3605 1258 3686 atque
1279 3624 1281 3630 ¹

277 3727 337 3780 eor
360 3705 397 3778 in
414 3707 511 3784 filvas
526 3706 697 3809 collesque
714 3708 971 3809 compulerint:
998 3707 1070 3801 sed,
1094 3709 1256 3808 complu·
