2912 4750
397 391 987 487 rnnomnnun
1157 431 1212 507 m

278 581 322 644 Ex
333 579 407 643 libris
419 581 588 676 Epplolasum
600 584 640 642 ad
652 583 683 641 C.
697 579 809 662 Oppium
820 578 858 650 ,ἐξ
871 577 984 640 Balbum
998 579 1150 642 amelium.
1170 589 1172 596 ’

505 684 601 760 Caesirr
612 685 695 766 Oppio
708 680 742 742 Θ
757 680 873 740 Cornelii)
887 683 917 741 S.

258 785 379 846 Gaudeo
400 787 557 848 mehercule
573 807 623 844 voc
644 785 797 864 significare
818 782 931 852 litteris,
950 801 1033 860 quarn
1048 781 1133 842 ¹valde
1145 801 1210 861 pro·

219 884 292 946 betis
302 907 347 956 ea,
367 905 427 970 qua
440 887 514 966 apud
537 886 694 950 Corfinium
712 883 773 943 sunt
787 885 868 962 gella.
909 883 1034 944 Consilio
1048 883 1134 942 vestro
1147 898 1210 944 urar

218 984 350 1057 libenter,
363 991 390 1044 dt
403 987 456 1046 hoc
465 986 609 1054 libentius,
629 986 704 1063 quod
718 1004 778 1043 mea
788 983 885 1060 sponte
896 985 988 1042 facere
1002 984 1209 1053 constitueram,

217 1099 248 1144 ut
261 1105 344 1164 quam
356 1085 519 1146 lenissimum
538 1105 581 1144 me
595 1085 757 1162 praeberem,
771 1089 797 1142 dc
812 1083 972 1162 Pompeium
986 1082 1080 1143 darem
1094 1101 1206 1162 operum

218 1201 251 1244 ut
270 1185 493 1244 reconciliarem.
534 1185 685 1243 Teutemus
699 1184 752 1242 hoc
767 1183 864 1250 modo,
885 1181 1063 1261 srpollumur,
1083 1182 1210 1242 omnium
1236 1241 1247 1258 ‚

216 1284 371 1346 voluntates
382 1304 553 1363 recuperare,
569 1290 593 1342 δι
608 1283 739 1342 diuturna
753 1283 870 1342 vitioria
880 1281 921 1342 uri
934 1302 941 1341 r
963 1281 1095 1361 quoniam
1108 1281 1209 1360 reliqui

217 1383 381 1444 crudelitate
394 1383 490 1444 odium
504 1383 625 1463 effugere
637 1405 692 1443 non
707 1399 866 1462 potuerunt,
886 1381 975 1461 nequ'e
988 1382 1132 1441 vidioriam
1145 1381 1210 1442 diu·

218 1483 274 1544 tius
287 1499 380 1544 tenere
394 1484 494 1561 prater
509 1505 593 1544 unum
615 1484 649 1544 L.
665 1484 782 1554 Sullam,
801 1485 883 1562 quem
897 1482 1055 1543 imitaturus
1068 1504 1124 1543 non
1137 1483 1218 1545 sum.

206 1585 288 1652 ,Hac
310 1605 383 1644 nova
403 1585 436 1643 lit
459 1584 530 1642 ratio
545 1584 695 1656 vincendir
716 1601 746 1644 ut
769 1583 971 1654 misericordia,
991 1587 1016 1642 dc
1040 1581 1209 1644 liberalitate

106 1763 108 1767 .
216 1707 266 1746 uos
280 1686 446 1746 muniamur.
487 1685 518 1742 Id
534 1686 769 1763 quemadmodum
791 1683 850 1744 fieri
875 1686 964 1764 polilt,
984 1684 1116 1745 nonnulla
1137 1683 1208 1745 mibi

214 1785 245 1844 in
269 1799 390 1845 mentem
408 1783 536 1852 veniunt,
560 1791 586 1842 de
611 1786 697 1844 multa
715 1783 830 1860 reperiri
854 1785 981 1861 poliunt:
1002 1784 1038 1842 de
1058 1784 1102 1844 his
1115 1786 1209 1856 rebua,

215 1906 286 1964 rogo
301 1903 362 1952 voa,
384 1898 415 1943 ut
428 1881 630 1962 cogitationem
650 1881 813 1961 suscipiaris.
856 1884 910 1942 Cn.
925 1883 1066 1962 Magium,
1086 1883 1210 1962 Pomptji

218 1983 392 2049 Praesetium
416 1982 608 2066 deprehendir
630 1980 738 2042 scilicet
758 1982 974 2045 meoiustituto
996 1982 1061 2040 usus
1086 1982 1155 2050 sum,
1181 1987 1209 2042 dr

216 2105 280 2144 eum
294 2083 384 2142 statim
399 2082 506 2142 millum
518 2081 585 2142 feci.
625 2082 687 2158 Jam
702 2083 759 2142 duo
773 2083 899 2143 Praeselli
912 2083 1031 2144 Fabrum
1042 2081 1167 2160 Pompeji
1180 2080 1211 2140 in

218 2203 307 2243 meum
321 2184 480 2262 potestatem
504 2197 650 2253 venerunt,
672 2188 697 2240 dc
711 2201 727 2241 a
743 2203 788 2242 me
809 2183 876 2242 millu
890 2181 971 2253 suntr
991 2179 1119 2241 {ivolen't
1135 2181 1207 2260 grati

216 2283 280 2352 elle,
300 2282 442 2343 debebunt
464 2283 626 2362 Pompeium
649 2283 767 2352 hortari,
785 2299 819 2356 ut
838 2283 917 2342 malit
930 2283 1000 2342 mihi
1020 2281 1072 2341 ell'e
1092 2281 1208 2354 amicus,

218 2405 301 2462 quam
316 2383 363 2452 iis,
377 2383 425 2460 qui
441 2389 467 2442 dc
480 2382 535 2452 illi,
549 2387 574 2440 δι
589 2382 659 2441 mihi
673 2383 779 2462 semper
793 2383 905 2446 luerunt
919 2381 1119 2446 inimicissimi:
1140 2403 1210 2460 quo·
1338 2421 1348 2426 -

92 2477 97 2486 ’
217 2505 277 2543 rum
299 2481 424 2543 artificiis
445 2481 571 2542 effedlum
602 2485 651 2551 est,
689 2499 720 2541 ur
744 2481 911 2561 Respublica
939 2483 970 2542 in
1001 2483 1075 2542 hunc
1108 2485 1208 2544 natum

169 2645 170 2648 ,
214 2585 379 2662 perveniret.
420 2585 464 2642 Ex
478 2581 623 2644 Ciceronis
644 2582 664 2642 I.
682 2601 726 2642 rx.
748 2584 787 2640 ad
795 2584 876 2642 Artic.
897 2585 1079 2663 Epss.v111.
1107 2584 1203 2662 Exstat

217 2682 252 2743 ὃ
263 2685 336 2762 apud
344 2682 406 2760 Jul.
419 2683 519 2761 Celsum
532 2685 562 2741 de
574 2689 636 2742 vita
649 2683 764 2759 Caesarr's
772 2697 802 2759 p.
820 2687 883 2762 187.

364 2805 367 2818 ·
480 2781 597 2859 ,(3ψῇ
605 2785 688 2863 Oppio
701 2783 735 2844 (θ’
757 2785 873 2843 Cornelio
886 2783 917 2842 S.

257 2883 295 2940 A.
310 2881 341 2941 d.
361 2901 415 2940 vrr
429 2880 473 2940 ld.
487 2882 575 2940 Mart.
590 2883 770 2946 Brundisium
783 2885 846 2943 veni
857 2871 869 2942 :v
886 2886 921 2943 ad
937 2903 1045 2944 murum
1058 2884 1144 2944 castra
1156 2903 1205 2964 pu·

215 2981 270 3066 sui.
311 2979 457 3058 Pompejuu
478 2979 515 3036 est
540 2979 694 3039 Brundisi:
717 2980 789 3040 misit
813 2983 847 3040 ad
875 3003 918 3042 me
942 2983 997 3042 Cn.
1020 2983 1150 3062 Magium
1170 2983 1207 3042 de
1295 3047 1299 3054 ,

216 3101 302 3162 pace:
331 3099 391 3159 quae
410 3077 468 3137 visu
491 3077 553 3142 sunt
575 3075 714 3157 respondi.
755 3080 822 3139 Hoc
846 3101 895 3140 vor
919 3082 1009 3142 statim
1028 3082 1100 3142 scire
1120 3070 1207 3154 volui.

215 3182 312 3262 Quum
331 3180 360 3240 iu
373 3179 448 3261 spem
461 3196 574 3248 venero,
594 3177 631 3238 de
649 3179 851 3258 compositione
870 3179 976 3259 aliquid
994 3201 1039 3240 me
1058 3183 1205 3252 conficere,

216 3283 306 3342 statim
320 3301 369 3340 vos
380 3280 512 3340 certiores
526 3279 638 3338 faciam.
666 3282 711 3339 Ex
719 3281 866 3340 Ciceronis
878 3282 899 3342 l‘.
916 3301 961 3342 rx.
976 3285 1015 3340 ad
1024 3285 1106 3343 Atric.
1122 3285 1203 3361 ΕΜ,

147 3391 166 3403 “
219 3399 288 3440 xvi.
310 3379 397 3438 Habet
410 3379 443 3440 δέ
456 3381 513 3458 Jul.
527 3380 621 3440 Celsus
631 3395 659 3458 p.
678 3383 743 3440 188.

257 3481 423 3542 DeCaesare
437 3481 545 3560 fugerat
560 3501 603 3540 me
622 3472 661 3540 ad
674 3495 701 3540 te
720 3465 851 3541 scribere.
891 3481 985 3542 Video
999 3484 1074 3543 enim
1087 3503 1155 3562 quar
1172 3498 1205 3548 tu
1268 3497 1271 3503 '

215 3582 321 3642 litteras
345 3579 516 3659 exspeuaric.
557 3581 613 3641 Sed
636 3581 684 3640 ille
701 3581 808 3661 ¹scripsit
833 3582 870 3647 ud¹
891 3582 1017 3654 Balbum,
1040 3581 1204 3645 fasciculum

217 3681 297 3742 illum
310 3683 496 3762 epistolarum,
516 3682 547 3742 in
569 3696 626 3760 quo
646 3681 735 3740 suerat
749 3687 775 3740 δι
788 3703 860 3752 mea,
881 3687 907 3740 dc
930 3682 1022 3753 Balbi,
1043 3699 1133 3746 totum
1153 3683 1204 3744 fibi

216 3803 289 3863 aqua
300 3782 444 3846 madidum
458 3781 598 3844 redditum
610 3783 684 3851 esser
705 3797 783 3842 utne
796 3781 869 3843 illud
888 3781 1002 3862 quidem
1020 3783 1101 3852 sciat,
1118 3803 1208 3856 meam
1265 3808 1268 3812 ·

696 3881 752 3940 Cc
776 3903 791 3958 3
