2912 4750
416 365 1007 432 nnnnnuuun
1147 377 1214 452 ,q

85 571 88 576 .
217 524 250 585 in
268 543 313 586 me
334 524 370 584 est
382 522 581 584 benivolencia.
622 522 666 581 Ex
678 520 826 582 Ciceronis
844 519 894 581 lib.
913 539 959 582 tx.
972 521 1102 582 odAuic.
1124 524 1206 602 Epffl.

219 641 290 690 xri.
304 624 440 701 Reperitur
451 631 526 682 etiam
538 625 611 700 apud
620 623 677 699 Jut.
692 622 803 682 Celsum
811 636 842 698 p.
860 627 926 700 187,
943 625 1008 683 188.
1022 623 1083 682 edit.
1091 623 1175 683 Lond.

494 725 592 803 Caesor
604 725 672 806 imp.
687 725 806 783 Ciceroni
818 723 882 801 Imp.
897 708 931 808 S'..
1200 733 1202 738 '

254 825 312 886 Etfi
325 837 353 886 te
375 823 447 886 nihil
460 838 575 892 temere,
595 823 667 884 nihil
688 824 869 902 inprudenter
888 825 1027 886 foliorum
1038 822 1204 901 judicatam,
1224 895 1234 914 ὀ

217 937 310 984 tamen
322 940 461 1004 permotus
483 924 628 986 bominum
642 924 728 994 inmo,
747 924 922 986 scribendum
941 926 976 984 od
999 924 1222 996 teexistimuui,
1244 963 1246 970 ι

217 1027 410 1106 &pronosim
423 1024 613 1085 benivolentia
622 1027 785 1102 petendum,
804 1045 908 1103 nequo
919 1025 1126 1107 progredereris
1139 1045 1205 1105 pro·
1273 1045 1279 1054 ·
1360 1033 1362 1040 “

214 1126 319 1188 clinatn
329 1128 388 1204 jum
403 1145 444 1196 re,
464 1145 518 1202 qun
535 1126 644 1203 integra
663 1123 748 1182 etiam
769 1125 1003 1204 progrediendum
1016 1126 1070 1185 tibi
1082 1147 1140 1186 non
1156 1146 1205 1186 ex-
1319 1154 1325 1163 ·

215 1225 377 1285 istimoffes:
396 1244 514 1303 numque
537 1229 563 1282 u
577 1223 712 1284 amicitiae
734 1224 891 1302 graviorem
905 1224 1035 1302 injuriam
1048 1226 1159 1298 feceris,
1179 1234 1206 1286 δι

215 1323 270 1386 tibi
285 1323 376 1384 minuo
388 1325 536 1384 commode
557 1322 739 1394 consuluerit,
759 1324 848 1384 iinon
866 1323 985 1384 fortunae
1005 1322 1151 1396 obiecutue
1164 1326 1208 1386 vi-

215 1425 317 1486 debere
327 1450 337 1494 ;
355 1425 465 1500 (omnin
476 1423 554 1486 enim
571 1423 761 1486 secundiiiima
776 1422 872 1494 nobit,
891 1419 1071 1484 nduetfiiiinr
1082 1424 1204 1504 iiliuuc·

217 1524 312 1586 cidiue
334 1525 476 1600 videntur)
499 1545 550 1586 nec
572 1524 689 1606 couiiam
709 1524 816 1584 secutur
836 1523 945 1600 (eadem
966 1523 1043 1585 euim
1065 1531 1124 1584 tuin
1138 1523 1207 1596 futr,

215 1646 302 1704 quum
324 1626 360 1686 ab
381 1646 477 1687 eorum
499 1625 621 1686 consiliio
639 1625 727 1684 abesse
746 1623 888 1702 judicasti)
909 1624 957 1684 sed
978 1644 1070 1686 meum
1092 1625 1206 1704 aliquod

215 1726 320 1788 iccium
332 1725 572 1800 condemnaviffe3
598 1746 654 1804 quo
673 1725 743 1786 mibi
764 1725 876 1804 gravius
896 1724 944 1786 abs
967 1739 995 1786 te
1017 1723 1058 1786 nii
1078 1724 1207 1786 accidere

213 1828 319 1905 potest:
340 1826 417 1904 quod
439 1843 475 1884 ne
500 1823 597 1895 iacias,
622 1845 674 1904 pro
689 1829 752 1903 jure
771 1826 868 1884 nostroe
889 1823 1056 1884 amicitiae
1078 1841 1107 1884 te
1128 1841 1203 1903 peto.

143 1983 144 1988 ,
213 1926 364 1995 Postremo,
383 1924 451 2002 quid
474 1923 535 1984 viro
547 1923 632 1992 bono,
654 1930 680 1982 δι
698 1924 806 2001 quieto,
826 1928 851 1982 δι
873 1923 949 1984 bono
962 1922 1020 1982 civi
1035 1924 1122 2004 magio
1138 1946 1206 1986 con·
1273 1907 1278 1917 Ι

217 2025 305 2096 venit,
335 2045 418 2103 quam
440 2023 528 2084 abeffe
548 2044 564 2082 a
583 2021 713 2082 civilibus
735 2023 949 2082 controverfiist
977 2023 1051 2100 quod
1075 2025 1205 2086 nonnulli
1264 2092 1267 2104 ,

218 2145 303 2202 quum
313 2125 472 2204 probarent,
486 2122 603 2202 periculi
615 2123 703 2182 cousin
715 2121 790 2200 sequi
804 2143 860 2182 non
870 2138 1035 2204 potuerunt:
1054 2134 1096 2194 tu,
1108 2127 1205 2206 expio-

85 2269 88 2274 ·
214 2237 275 2285 rato
287 2231 314 2285 dc
326 2223 391 2284 vitae
403 2243 474 2298 meae,
484 2209 661 2292 testimonio,
675 2231 701 2286 δι
713 2222 846 2284 amicitie
855 2223 983 2302 judicio,
999 2242 1088 2303 neque
1106 2224 1206 2296 tutior,
1225 2255 1230 2266 ·

149 2319 151 2324 ’
216 2343 303 2403 neque
316 2321 453 2384 honestius
467 2321 585 2402 reperies
602 2322 765 2402 quidquam,
785 2343 868 2402 qnam
882 2324 918 2386 ob
931 2324 1009 2384 omni
1022 2325 1204 2406 contentione

212 2425 309 2488 abesse.
335 2443 376 2484 xv
390 2423 454 2484 Kal.
470 2422 542 2502 Maj.
556 2442 591 2483 ex
605 2421 715 2484 itinere.
756 2425 801 2484 Ex
811 2421 959 2484 Ciceroni·
978 2424 999 2485 l.
1012 2445 1040 2486 x.
1059 2430 1100 2485 ad
1116 2429 1201 2489 Attio

211 2527 265 2606 Epi
286 2545 353 2587 nux.

253 2626 300 2687 M.
310 2627 420 2690 Orfium
434 2646 516 2708 quem
526 2626 596 2690 mibi
606 2626 796 2697 commendas,
808 2627 853 2686 vei
866 2645 959 2706 regem
969 2625 1075 2686 Golliae
1087 2626 1202 2698 faciam,
1329 2685 1332 2690 .

214 2729 259 2788 vel
271 2727 345 2788 hunc
359 2727 454 2806 Leptae
476 2727 593 2806 delego:
617 2729 637 2788 fi
660 2727 701 2788 vis
715 2742 757 2797 tu,
778 2727 814 2786 od
838 2746 881 2786 me
904 2726 989 2804 odium
1008 2727 1099 2799 mitte,
1120 2747 1203 2806 quem

214 2847 321 2888 ornem.
361 2831 407 2886 Ex
418 2827 564 2892 Ciceronio
577 2827 598 2888 l.
612 2847 675 2888 vn.
688 2831 728 2885 ad
736 2828 812 2886 Fam.
824 2829 905 2904 Epist.
919 2846 952 2886 v.
965 2828 1005 2885 ad
1014 2828 1080 2904 Caeſs

177 2983 182 2994 ,
251 2925 353 3004 Neque
369 2945 420 3002 pro
432 2941 514 2984 cauto
528 2945 560 2984 ac
573 2925 709 3004 diligente
721 2926 749 2984 se
767 2927 859 2986 castris
871 2925 1022 2988 continuit.
1063 2931 1108 2988 Ex
1128 2927 1223 2988 Cha·¹

213 3023 271 3086 cisti
284 3025 305 3085 l.
324 3044 352 3084 t.
365 3025 427 3101 Itfi.
442 3025 559 3084 Gramen.
570 3022 616 3082 col.
635 3043 698 3084 tot.
712 3025 752 3082 ed.
763 3025 838 3099 Puts.

251 3123 339 3202 Qod
352 3123 462 3202 quotis,
480 3123 549 3200 quid
567 3121 659 3182 Caesar
680 3124 714 3181 ad
736 3143 781 3184 me
793 3123 951 3203 scripserit?
970 3122 1046 3202 quod
1060 3123 1127 3202 taepe
1138 3143 1214 3204 grav

211 3224 344 3286 tiffimum
356 3224 407 3284 fibi
420 3225 482 3294 effe,
496 3223 571 3302 quod
586 3222 725 3302 quietim:
750 3237 877 3300 oratque,
895 3221 926 3282 in
938 3243 972 3282 eo
987 3237 1017 3282 ut
1029 3222 1210 3302 perseverem.

214 3325 260 3384 Ex
273 3323 450 3386 Ciceronisl.
465 3343 543 3394 utri.
559 3325 692 3385 odAtn'c.
707 3326 848 3402 Eppium
1269 3391 1276 3408 x

250 3423 336 3506 Qud
349 3424 462 3502 quidem
480 3426 679 3503 propemodum
694 3423 794 3484 videor
806 3443 841 3482 ex
858 3421 975 3484 Caesaris
988 3421 1100 3492 littorio,
1117 3422 1202 3503 ipstur

213 3524 356 3585 voluntate
369 3523 463 3584 iacere
484 3525 572 3604 poiie:
592 3524 642 3602 qui
662 3539 744 3606 negot
761 3542 851 3602 neque
864 3521 1001 3583 honestius
1013 3543 1102 3602 neque
1115 3523 1202 3597 tutius

214 3621 366 3702 quidquam
379 3625 441 3695 esse,
461 3609 543 3720 quam
556 3623 591 3684 ab
604 3624 681 3684 omni
701 3624 882 3685 contentione
902 3623 1001 3687 abciie.
1054 3626 1100 3686 Ex
1115 3624 1200 3686 Cice·

206 3722 281 3783 uouit
295 3724 315 3784 l.
330 3743 364 3802 x..
377 3729 416 3786 od
426 3725 513 3786 Attic.
529 3726 606 3802 ΕΜ.
622 3744 679 3862 unc

693 3823 708 3863 c
729 3823 747 3863 2
822 3841 825 3850 ·
