2932 4750
412 395 462 448 uu
484 373 616 448 Burro
641 373 829 450 Gnrrrco
855 370 948 448 Lm.
963 371 993 446 1.
1056 349 1059 356 ⁵
1147 395 1196 468 45

204 541 346 639 equites
377 541 545 637 fecissent,
573 570 685 644 eaque
707 570 760 620 res
783 541 1015 642 conloquium
1044 557 1084 614 ut
1110 537 1200 614 dire·

203 660 349 750 miffet3
386 667 498 739 multo
530 664 641 765 major
670 664 823 741 alacritas
854 663 1078 760 studiumque
1107 683 1230 760 pug··

199 783 319 858 nandi
336 781 446 882 majus
463 785 617 860 exercitu
633 784 799 888 injedlum
820 783 882 860 est.

260 903 412 977 XLVII.
437 903 549 979 Biduo
575 905 653 1004 post
679 905 871 981 Ariovistus
894 905 939 979 ad
955 899 1124 978 Caesarem
1148 901 1198 976 le·

201 1042 312 1120 gatos
339 1023 459 1115 mittit,
488 1025 578 1099 velle
600 1023 633 1100 se
657 1026 701 1110 de
721 1025 776 1098 his
793 1025 910 1114 rebus,
931 1049 1010 1122 quae
1033 1021 1122 1098 inter
1138 1047 1199 1096 eos

199 1141 269 1240 agi
286 1164 428 1240 coeptae‚
440 1161 443 1168 ’
455 1168 570 1241 neque
594 1142 755 1240 perfeetae
771 1141 889 1233 ellent,
907 1169 1009 1242 agere
1024 1169 1107 1218 cum
1129 1168 1196 1218 eo:

199 1261 264 1335 uti
279 1281 341 1336 aut
356 1262 484 1336 iterum
501 1262 689 1360 conloquio
708 1263 804 1338 diem
827 1262 1068 1348 constituerem
1094 1283 1154 1336 aut
1175 1263 1198 1336 li

200 1380 250 1456 id
269 1380 382 1454 minus
398 1382 516 1472 vellet,
535 1406 579 1456 ex
596 1382 662 1457 suis
679 1384 802 1482 legatis
825 1381 979 1481 aliquem
1005 1382 1050 1456 nd
1071 1379 1103 1455 se
1121 1381 1201 1456 mit·

203 1518 310 1572 teret.
358 1501 604 1600 Conloquendi
621 1503 746 1578 Caesari
768 1505 883 1580 caussa
899 1501 968 1578 visa
984 1525 1057 1578 non
1073 1499 1136 1592 est,
1165 1503 1199 1586 ὃς

201 1645 253 1694 eo
272 1620 395 1719 magis,
422 1624 518 1720 quod
536 1623 650 1720 pridie
666 1622 744 1723 'ejus
769 1623 838 1700 diei
864 1620 1034 1700 Germani
1058 1619 1198 1696 retineri
1245 1677 1248 1684 .

202 1765 281 1816 non
311 1762 482 1838 poterant,
524 1744 609 1841 quin
642 1745 678 1820 in
706 1731 841 1820 nostros
871 1745 938 1818 tela
975 1741 1197 1841 conjicerent.

160 1897 166 1905 ·
203 1863 390 1960 Legatum
407 1887 452 1935 ex
469 1863 535 1938 suis
550 1864 616 1942 sese
634 1889 764 1964 magno
780 1889 862 1938 cum
886 1863 1038 1960 periculo
1053 1863 1099 1936 ad
1115 1886 1198 1936 eum
1256 1909 1258 1916 .

203 1981 403 2073 missurum,
431 1987 465 2058 &
494 1982 695 2060 hominibus
718 1982 798 2056 fetis
821 1979 1052 2080 objedturum,
1081 1979 1199 2054 existi·
1262 2061 1266 2070 ¹

204 2104 337 2176 mahat.
387 2102 719 2178 Commodissimum
738 2087 856 2176 visum¹
872 2100 933 2190 est,
955 2101 997 2173 C.
1022 2099 1200 2192 Valerium

204 2223 420 2311 Procillum,
446 2224 488 2295 C.
517 2223 643 2296 Valerii
668 2221 798 2296 Caburi
822 2219 950 2311 filium,
976 2218 1199 2322 summovit·

204 2323 289 2416 tute'
303 2346 337 2416 δι
355 2341 567 2420 humanitate
584 2341 835 2422 adolescentem
863 2339 978 2441 (cujus
999 2362 1133 2440 patera
1153 2341 1196 2414 C.

204 2461 356 2548 Valerio,
373 2463 504 2538 Flacco
531 2463 670 2538 civitate
697 2465 845 2538 donatus
873 2465 964 2558 erat)
994 2467 1029 2537 δι
1055 2473 1198 2560 propter

206 2585 319 2660 fidem
341 2587 376 2658 δι
403 2603 545 2682 propter
573 2582 702 2684 linguae
733 2583 879 2660 Gallicae
908 2581 1097 2674 scientiam,
1129 2607 1199 2680 qua

208 2705 321 2778 multa
348 2701 425 2802 jam
456 2704 667 2794 Ariovistus,
706 2706 902 2807 longinqua
933 2702 1195 2795 consuetudine,

206 2828 383 2916 utebatur,
402 2821 454 2916 &2
470 2827 566 2924 quod
582 2824 618 2898 in
635 2851 678 2898 eo
695 2825 862 2922 peccandi
879 2825 1061 2901 Germanis
1084 2827 1197 2901 caussa

207 2971 279 3020 non
307 2947 404 3035 effet,
430 2946 475 3019 ad
501 2971 582 3021 eum
603 2944 752 3036 mittere,
779 2950 813 3020 δι
834 2947 899 3025 Μ.
927 2946 1111 3034 Mettium,
1134 2945 1196 3042 qui

207 3064 357 3164 hospitio
386 3064 552 3142 Ariovisti
580 3065 658 3139 usus
687 3085 769 3140 erat.
820 3063 892 3140 His
919 3063 1114 3152 mandavit,
1142 3082 1195 3153 ut,

208 3211 287 3284 quae
318 3185 445 3277 diceret
480 3175 684 3278 Ariovistus,
719 3183 982 3284 cognoscerent,
1018 3189 1051 3258 u
1086 3182 1131 3256 ad
1160 3183 1193 3276 se

205 3302 380 3381 referrent.
411 3309 511 3404 Qros
528 3329 639 3402 quum
656 3305 751 3401 apud
771 3304 805 3377 se
821 3303 857 3376 in
873 3303 990 3378 castris
1003 3303 1197 3382 Ariovistus

207 3423 449 3524 conspexisset,
477 3423 632 3500 exercitu
655 3422 717 3497 suo
734 3421 913 3522 presente,
940 3424 1192 3504 conclamavit:

207 3555 236 3590 “
253 3548 352 3646 Qtid
372 3548 419 3624 ad
443 3545 477 3620 se
504 3543 687 3619 venirent?
714 3571 759 3620 an
788 3541 989 3642 speculandi
1022 3549 1136 3639 caussa
1150 3549 1195 3620 ?'.'

207 3666 367 3750 conantis
383 3666 502 3742 dicere
512 3664 710 3767 prohibuit,
731 3670 764 3744 δι
783 3664 821 3738 in
838 3682 972 3740 catenas
988 3662 1145 3768 conjecit.
1179 3737 1189 3761 Α.
