2932 4750
437 408 489 462 ne
512 386 644 465 nasto
670 385 859 462 Gnnnreo
884 381 976 462 Lre.
989 383 1036 460 11.
1182 407 1227 490 75

256 584 304 641 tra
329 551 519 644 contemtui
545 565 629 662 est,)
654 563 741 642 tanti
757 562 871 644 oneris
894 557 1019 642 terniue
1046 560 1085 644 iu
1110 586 1231 644 muros

250 685 316 764 sese
331 689 514 763 conlocate
529 687 743 764 confiderent
758 689 772 766 i

297 807 439 883 XXXI.
463 807 539 884 Ubi
577 803 662 887 iero
694 805 842 898 moveri,
881 811 916 884 de
948 804 1230 907 adpropinquare

249 925 427 1004 moenibus
459 927 635 1019 viderunt,
673 953 767 1002 nova
794 945 901 1026 atque
931 925 1087 1002 inufitate
1115 923 1230 1026 specie

248 1048 433 1142 commoti,
456 1050 588 1149 legatos
616 1050 663 1124 ad
686 1046 853 1128 Caesaretu
869 1047 917 1122 de
929 1071 1015 1146 pace
1038 1045 1228 1136 misenmta

249 1169 312 1269 qui
327 1171 483 1284 adhunc
494 1170 645 1244 modurn
661 1167 770 1246 locuti
786 1195 795 1241 ι
824 1173 852 1212 “
869 1167 956 1246 Non
971 1164 1006 1242 se
1020 1165 1228 1260 existimare,

95 1375 98 1380 Ι
249 1291 484 1364 “Romanos
509 1286 578 1364 fine
605 1313 674 1387 ope
695 1286 815 1363 divina
841 1287 976 1364 bellum
1001 1309 1144 1396 gerute}
1168 1286 1229 1387 qui

249 1417 282 1456 “
300 1428 405 1485 tantae
431 1407 618 1486 altitudinis
642 1407 914 1498 machinationes
940 1401 1035 1484 tanta
1060 1406 1232 1490 celeritate

252 1535 282 1576 “
298 1555 505 1630 promovere
529 1530 585 1630 [δε
606 1521 652 1605 ex
668 1529 930 1630 propinquitate
946 1529 1127 1631 pugnare]
1151 1527 1230 1629 pos·

168 1655 173 1660 “
248 1654 278 1696 “
293 1651 387 1726 sent:
425 1652 473 1742 se,
502 1651 631 1751 suaque
664 1650 784 1728 omnia
811 1675 934 1730 eorum
962 1648 1122 1752 potestati
1151 1675 1229 1750 per·

248 1777 278 1820 “
294 1769 470 1862 mittere,''
495 1763 670 1848 dixerunt.
705 1779 733 1816 “
751 1774 875 1847 Unum
893 1792 1023 1872 petere,
1048 1799 1089 1850 ac
1104 1773 1229 1872 depre-

175 1978 178 1982 ,
248 1898 278 1938 “
295 1890 387 1979 cari;
406 1890 609 1990 fifortepro
623 1891 684 1968 sua
700 1891 940 1968 clementinae
952 1891 1228 1984 mansuetudine,

249 2019 278 2061 “
297 2037 406 2111 quarn
434 2012 498 2110 ipsr
522 2013 568 2090 ab
600 2011 677 2088 aliis
700 2009 874 2103 audirent,
900 2008 1077 2101 statuisset,
1108 2009 1230 2088 Adua.

248 2139 397 2206 “tucos
424 2133 493 2210 effe
510 2129 776 2223 conservandos,
811 2157 856 2206 ne
878 2129 912 2204 se
934 2129 1038 2206 annis
1060 2130 1229 2230 despolia-

249 2256 279 2296 “
296 2269 375 2326 ren·
408 2249 480 2324 Sibi
497 2275 619 2325 omnes
635 2249 706 2330 fere
726 2250 891 2327 finitimos
906 2249 974 2334 effe
992 2249 1165 2343 inimicos,
1189 2271 1230 2327 ae

247 2379 277 2420 “
293 2369 362 2448 suae
392 2371 511 2448 virtuti
538 2369 715 2460 invidete3
754 2359 930 2473 aquibus
960 2370 995 2450 se
1026 2369 1227 2464 defendere,

247 2499 278 2541 “
295 2489 427 2568 traditis
456 2492 571 2582 umis,
606 2517 678 2568 nun
707 2492 852 2592 poffent.
901 2491 978 2568 Sibi
1004 2491 1174 2591 prestere,
1204 2498 1228 2572 ss

247 2621 276 2662 “
293 2613 330 2688 in
346 2639 429 2690 eutn
444 2613 561 2692 casum
576 2601 840 2706 deducerentur,
866 2612 1028 2714 quamvis
1055 2612 1229 2692 summanr

247 2741 277 2778 “
293 2761 314 2816 a
329 2736 464 2834 populo
480 2739 647 2820 Romano
665 2736 750 2833 pati,
777 2761 885 2835 quarn
903 2717 950 2809 ab
966 2733 1022 2810 his
1040 2759 1101 2834 pet
1116 2734 1226 2812 cruci-

248 2861 278 2898 “
293 2873 390 2932 atum
420 2855 583 2948 interfici,
627 2854 716 2932 inter
743 2873 834 2958 quot
861 2853 1035 2934 dominati
1067 2854 1227 2937 consues-

249 2983 278 3060 ,“
294 2973 404 3056 sent.”
745 3033 746 3042 κ
835 2983 841 2992 “
963 2995 966 3000 ·

295 3089 453 3178 XXXII.
480 3097 540 3172 Ad
556 3097 632 3172 haec
649 3095 760 3172 Caesat
781 3094 980 3196 respondite
1007 3097 1097 3170 “Se
1117 3087 1229 3193 magis

249 3215 543 3292 “consuetudine
568 3214 641 3305 sua,
665 3241 772 3314 quam
799 3216 925 3292 merito
942 3241 1079 3306 eorum,
1109 3211 1226 3288 civita-

249 3341 279 3380 “
295 3356 368 3411 tem
399 3334 697 3430 conservaturum,
741 3339 766 3410 st
800 3335 907 3434 prius,
940 3359 1048 3437 quam
1088 3359 1229 3412 murum
1258 3331 1263 3339 s

247 3456 378 3532 “aries
407 3456 593 3556 adtigiffet,
627 3455 661 3532 se
688 3453 921 3546 dedidissent3
956 3453 1015 3532 sed
1042 3456 1228 3536 deditionis

249 3583 278 3623 “
297 3578 431 3654 nullam
459 3577 526 3653 effe
557 3578 814 3672 conditionem,
843 3577 918 3679 nisr¹
932 3577 1037 3654 annis
1063 3577 1224 3659 traditis:

250 3705 277 3744 ‘⁶
294 3699 328 3774 se
344 3698 395 3792 id,
421 3697 572 3801 quodiu
594 3699 735 3779 Nerviis
756 3698 902 3794 fecisset,
931 3699 1119 3803 fadiurunr,
1147 3696 1227 3778 fini·
