2932 4750
272 393 319 470 66
512 389 557 465 C
580 391 721 488 Jtrtrt
745 389 953 468 Casama
1054 427 1059 434 ·

272 565 380 644 nostri
395 565 620 666 inpediretur,
638 593 713 660 non
730 567 964 688 omittendum
980 565 1042 644 srbi
1069 563 1253 644 confilium

272 686 396 763 Nervii
412 681 676 764 aestimaverunt.

319 809 456 884 XVIIL
480 808 578 884 Loci
588 829 711 884 natura
727 829 801 886 erat
812 811 912 885 haec
889 831 1021 908 ,quem
1039 809 1160 884 locum
1175 751 1252 883 nos·

272 927 317 1002 ιιι
333 927 450 1004 castris
466 927 703 1029 delegerant.
729 922 836 1004 Collis
860 931 905 1004 ab
922 929 1060 1006 summo
1076 928 1255 1028 aeqrialiter

145 1037 147 1045 '
215 1109 217 1117 ,
272 1047 417 1123 declivis
433 1045 495 1123 ad
502 1053 637 1126 flumen
653 1051 785 1142 Sabim,
810 1049 912 1150 quodv
935 1047 1038 1149 supra
1058 1050 1255 1125 nominavi·

256 1193 373 1259 mus,
393 1171 586 1269 vergebat:
625 1173 670 1246 ab
707 1179 750 1246 eo
774 1171 923 1248 flumine
956 1169 1028 1270 pati
1059 1167 1257 1246 adclivitato

274 1288 373 1364 collis
390 1289 592 1366 nascebatur
608 1291 769 1368 adversus
785 1291 890 1386 huic,
913 1291 1162 1384 decennarius,
1179 1287 1255 1389 pas·
1345 1365 1349 1376 ,

275 1409 330 1484 sus
346 1409 483 1485 circiter
500 1437 561 1487 cc.
576 1411 699 1486 infima
715 1431 868 1510 apertus,
898 1414 944 1486 ab
970 1411 1147 1510 superiore
1160 1429 1257 1510 parte

276 1529 458 1619 filvestris3
475 1552 621 1606 utnon
646 1523 747 1606 facile
772 1531 938 1606 introrsus
963 1531 1109 1630 perspici
1137 1532 1259 1629 posset.

274 1651 369 1724 Intra
384 1675 440 1724 eas
456 1652 554 1725 filvas
570 1651 682 1726 hostes
697 1651 735 1726 in
751 1653 893 1726 occulto
912 1651 979 1727 sese
1002 1650 1254 1727 continebant:

275 1755 313 1844 ιιι
328 1787 449 1866 aperto
460 1771 552 1863 loco
583 1770 774 1848 secundum
791 1775 939 1864 flumen,
964 1797 1083 1871 paucae
1099 1769 1259 1846 stationes

277 1889 437 1989 equitum
462 1890 681 1967 videbantur.
730 1892 904 1970 Fluminis
926 1912 998 1968 erat
1021 1891 1170 2028 altitudo
1195 1915 1256 1990 pe·

277 2013 365 2086 dum
382 2011 518 2086 circiter
536 2039 602 2088 ιιι.

290 2133 429 2208 XIX
457 2131 583 2234 Casar,
627 2134 784 2234 equitatu·
811 2133 1001 2234 praemiffo,
1030 2131 1259 2230 subsequeba

277 2270 335 2336 tur
373 2255 553 2350 omnibus-
570 2256 703 2354 copiis:
730 2254 794 2330 'sed
822 2255 926 2346 ratio,
959 2255 1116 2352 ordoque
1146 2249 1260 2350 agmi-

277 2371 330 2469 nis
355 2371 455 2446 aliter
477 2371 513 2447 se
539 2376 703 2466 habebat,
736 2399 779 2448 ac
806 2376 923 2472 Belgae
942 2375 989 2447 ad
1016 2372 1169 2448 Nervios
1197 2373 1260 2447 de-

279 2493 439 2566 tulerant.
488 2495 597 2568 Nam·
614 2494 712 2592 quod
739 2493 917 2569 adshostis
943 2491 1261 2591 adpropinquabat,

77 2681 87 2700 ,
211 2605 526 2720 Ιεοιιιιιιιιιιιιιιιε
540 2612 599 2687 sua
619 2612 731 2688 Caesar
747 2639 789 2688 vr
811 2614 970 2712 legiones
992 2610 1172 2710 expeditas
1192 2613 1263 2687 du·
1390 2703 1393 2708 1

278 2734 403 2808 cebat:
430 2733 508 2831 post
523 2738 580 2807 eas
595 2732 700 2808 totius
725 2733 894 2809 exercitus
914 2731 1153 2832 inpedimenta
1174 2755 1262 2807 cons

278 2854 430 2928 locarat:
456 2852 539 2928 inde
565 2855 644 2931 duae
673 2854 842 2954 legiones,
876 2879 955 2953 quae
985 2853 1148 2952 proxime
1175 2877 1264 2928 con-

50 3010 52 3018 s
278 2973 411 3073 scripta
428 2993 537 3066 erant,
562 2961 677 3050 totum
693 2976 824 3076 agmen
839 2975 1061 3066 claudebant,
1087 2972 1263 3072 ptaesrdio·

157 3075 164 3097 ⁹
280 3120 351 3195 que
366 3093 611 3194 inpedimentis
626 3110 734 3170 erant.
785 3094 930 3194 Equites
945 3093 1053 3169 nostri
1075 3121 1173 3170 cum
1183 3093 1264 3169 fun·

279 3215 451 3324 ditpribus
467 3214 713 3352 sagittariisque
727 3219 862 3292 flumen
877 3213 1069 3316 transgredi
1082 3241 1166 3290 cunr
1183 3209 1264 3288 hus·

280 3335 369 3412 tium
397 3336 554 3436 equitatu
575 3336 745 3436 proelium
768 3335 1029 3412 commiserunt.
1076 3339 1201 3432 Quum
1229 3329 1265 3408 se
1302 3359 1310 3378 ‘

217 3479 220 3490 ·
280 3454 332 3528 illi
349 3456 578 3534 idemtidem
568 3483 605 3546 Ιιιι
622 3459 721 3532 silvas
736 3459 783 3531 ad
810 3457 888 3533 suos
903 3457 1108 3572 reciperent,
1131 3478 1175 3528 ac
1188 3477 1265 3526 rur·
1338 3444 1340 3450 ’

280 3573 335 3648 sus
362 3601 415 3650 ex¹
431 3577 547 3652 silva
537 3603 575 3652 ιιι
602 3576 770 3652 nostros
758 3595 920 3678 mpetum
952 3562 1118 3667 facerent,
1147 3596 1265 3674 neque

282 3693 388 3770 nostri
404 3696 559 3800 longius,
582 3721 691 3797 quem
706 3722 814 3799 quem
837 3699 884 3776 ad
899 3699 1007 3776 finem
1023 3695 1193 3800 porredla,
1221 3716 1264 3770 ac
1339 3741 1344 3754 ·
1455 3683 1456 3696 ¹
