2866 4754
225 395 295 494 138
466 395 510 470 C.
545 395 691 492 J‘t'rarr
727 396 958 476 Cmsnnrs

220 571 317 650 niam
332 570 466 648 civitati
478 572 658 684 consulere
673 601 746 651 non
762 575 918 675 pollent3
941 577 1213 660 Indutiomarus

72 693 78 700 ’
148 715 153 721 ·
219 693 367 784 veritus,
396 719 442 770 ne
474 697 521 769 ab
549 697 713 772 omnibus
741 695 962 790 desereretur,
997 700 1130 799 legatos
1159 701 1209 776 ad

218 810 389 890 Caesare'm
418 812 552 902 mittit3
588 814 655 893 sese
684 817 815 894 idcirco
843 822 892 894 ab
920 817 988 894 sois
1015 819 1206 912 discedere,

217 927 325 1034 atque
349 935 395 1010 ad
422 961 506 1012 eum
523 936 641 1012 venire
669 939 843 1031 noluisse,
858 965 933 1038 quo
962 939 1094 1016 facilius
1117 940 1207 1017 civi·

217 1074 326 1132 tatem
354 1055 390 1130 in
418 1057 535 1132 officio
564 1058 773 1152 contineret,
807 1086 853 1135 ne
878 1061 992 1136 omnis
1016 1061 1214 1136 nobilitatis.

216 1175 362 1253 discessu
379 1179 478 1276 plebs
496 1199 638 1277 propter
648 1180 910 1278 inprudentiam
926 1183 1117 1271 laberetur:
1141 1183 1207 1256 ita·

219 1323 290 1397 que
301 1299 369 1373 effe
384 1297 610 1374 civitatemin
626 1298 685 1376 sua
702 1301 897 1400 potestate:
920 1304 1037 1404 seque,
1056 1303 1209 1378 srCaesar

101 1479 105 1486 .
203 1418 450 1528 *permitteren
476 1421 522 1496 ad
538 1424 621 1496 eum
637 1420 674 1495 in
701 1423 810 1498 castra
825 1441 1030 1516 venturum,
1054 1428 1090 1498 dr
1116 1423 1207 1517 suas,

218 1537 435 1638 civitatisque
449 1539 605 1616 sonunas
622 1541 694 1642 ejus
711 1544 794 1626 fidei
810 1543 1066 1643 permissurum.
1166 1599 1183 1624 a

265 1663 330 1736 IV.
354 1660 482 1756 Casan,
507 1665 567 1737 etsi
592 1663 830 1764 intellegebat,
856 1690 927 1764 qua
953 1665 1000 1738 de
1028 1664 1143 1740 caussa
1163 1689 1207 1740 ca

216 1779 429 1873 dicerentur,
450 1808 603 1883 quaque
628 1809 711 1859 eum
735 1811 789 1860 rea
812 1787 858 1861 ab
874 1783 1034 1860 instituto
1061 1783 1207 1882 confilio

216 1901 425 1991 deterrerem
461 1923 595 2004 tamen,
626 1931 673 1982 ne
693 1906 846 1983 astarem
873 1905 911 1980 in
933 1903 1088 1982 Treviris
1116 1930 1204 1980 con-

215 2019 349 2122 sumere
365 2047 564 2125 cogeretur,
581 2026 747 2107 omnibus
758 2027 806 2114 ad
818 2025 1056 2104 Britannicum
1069 2026 1204 2101 bellurn

215 2147 320 2222 rebus
347 2147 569 2247 comparatis,
594 2145 884 2224 lnduciom'arum
913 2150 959 2224 ad
984 2145 1020 2226 se
1046 2172 1129 2222 cum
1157 2170 1205 2220 cc

216 2268 397 2344 obsidibus
414 2269 532 2348 venire
553 2267 658 2369 jussu.
709 2269 779 2346 His
796 2269 970 2360 addudia,
995 2264 1034 2344 in
1058 2268 1100 2344 iis
1116 2267 1205 2360 filio,

215 2385 489 2486 propinquisque
500 2387 572 2486 ejus
587 2389 767 2478 omnibus,
787 2413 876 2485 quos
890 2388 1103 2464 nominatim
1120 2414 1207 2464 evo-

213 2527 363 2602 caverat,
375 2506 570 2621 ·eonsolatus
582 2507 885 2598 Indutiomarum,
898 2507 1125 2605 hortatusque
1141 2508 1205 2598 est,

213 2630 267 2705 uti
279 2629 316 2704 in
333 2629 451 2705 officio
467 2646 705 2727 permaneret:
722 2627 834 2700 nihilo
851 2646 971 2711 tamen
979 2624 1090 2700 secius
1106 2625 1204 2724 prin·

213 2747 353 2846 cipibus
363 2748 594 2824 Trevirorum
610 2748 655 2822 ad
672 2746 715 2821 se.
727 2745 949 2837 convocatis,
967 2746 1031 2820 bos
1051 2744 1204 2845 singilla-

213 2865 281 2942 tim
296 2867 518 2969 Cingetorigi
546 2866 759 2946 conciliavit.
809 2867 919 2968 Qrod
942 2893 1056 2966 quum
1078 2866 1206 2946 mento

213 2987 286 3091 ejus
301 2992 347 3064 ab
364 2989 398 3066 se
423 2989 500 3065 fieri
523 2988 748 3090 intellegebat
760 3017 773 3075 3
803 3009 881 3064 tum
906 2987 1028 3088 magni
1047 2984 1210 3088 interesse

211 3111 458 3202 arbitrabatur,
493 3108 568 3209 ejus
595 3107 838 3187 autloiitatem
872 3110 963 3186 inter
990 3107 1070 3188 suot
1095 3134 1206 3207 quam

214 3233 410 3332 plurimum
426 3233 557 3324 valere,
588 3230 687 3333 cujus
713 3252 787 3308 tam
809 3232 988 3334 egregiam
1017 3230 1059 3310 in
1081 3229 1116 3306 se
1138 3255 1204 3306 vo-

123 3437 125 3444 ,
214 3354 385 3430 luntatem
414 3353 649 3453 perspexisset.
697 3355 742 3428 ld
773 3352 907 3429 fadum
941 3351 1096 3454 graviter
1123 3351 1203 3429 tulit

190 3558 193 3564 ,
212 3473 493 3565 Indutiomarus,
511 3473 608 3550 suam
621 3473 772 3574 gratiam
787 3472 878 3549 inter
893 3472 972 3549 suos
988 3472 1125 3549 minui:
1149 3475 1200 3563 br,

212 3592 276 3693 qui
295 3591 373 3692 jam
398 3614 480 3670 ante
496 3593 641 3670 inimico
658 3593 695 3668 in
716 3619 780 3674 nos
794 3592 917 3672 animo
930 3593 1059 3688 biffet,
1086 3593 1202 3687 multo
1318 3693 1326 3701 α

214 3710 358 3815 grauius
374 3715 444 3794 hot
457 3715 578 3793 dolore
594 3717 729 3790 exarsit.
