2850 4752
348 442 399 494 nn
421 419 554 499 Burro
578 419 767 508 Gnntrco
791 417 982 500 Ln.·v11.
1098 397 1169 536 239

167 587 554 696 fignisyeonstiterunt.
598 585 882 692 ,Vercingetorix
909 590 973 662 ab·
988 586 1166 666 radicibus

168 709 281 810 pollii
293 709 372 808 suos
387 709 703 802 intra·tnunitiones
718 710 879 800 reduitit.¹
922 709 978 782 Eo
993 708 1052 788 die
1072 709 1166 786 milia

166 847 225 905 tes
242 829 322 906 sunt
338 831 458 930 paullo
476 831 592 908 minus
611 828 891 908 occdefiderati.

187 961 190 966 ’
221 953 307 1027 LIL
324 952 483 1028 -Postero
507 953 577 1028 ‚die
608 951 736 1044 Caesar,
779 952 947 1028 concione
980 951 1164 1046 advocata,

166 1077 202 1118 “
219 1072 469 1166 temeritatem,
493 1071 795 1172 cupiditatemque
810 1073 961 1148 militum
977 1077 1164 1173 reprehen-

167 1199 204 1239 “
221 1194 290 1286 dit,
316 1193 416 1294 quod
432 1193 495 1271 fibi
511 1194 573 1294 ipsi
588 1191 848 1293 judicavillent,
878 1217 953 1292 quo
973 1187 1165 1290 procedenss
1256 1189 1262 1198 ’

165 1319 200 1360 “
220 1314 325 1406 dum,
343 1333 405 1392 aut
416 1311 501 1414 quid
518 1315 697 1414 agendum
707 1311 897 1404 videretur,
916 1335 1045 1412 neque,
1064 1305 1163 1412 igno

167 1440 203 1484 ‘¹
224 1434 416 1534 recipiendi
431 1435 530 1527 dato,
549 1432 796 1525 'continuent
822 1457 938 1533 neque
954 1435 1001 1508 ab
1015 1432 1165 1508 tribunis
1244 1457 1247 1466 ·

168 1559 205 1600 “
224 1554 379 1632 militurn
394 1553 742 1655 legatisqueretineri
763 1554 967 1653 potuill'ent,
990 1545 1163 1656 exposito,

169 1680 203 1720 “
223 1675 311 1775 quid
329 1674 499 1776 iniquitas
526 1675 597 1752 loci
619 1677 744 1776 poffet,
770 1675 858 1777 quid
884 1673 955 1775 ipse
975 1677 1021 1752 ad
1038 1675 1164 1759 nnan-

169 1803 203 1842 “
221 1823 304 1873 curn
320 1794 480 1887 sensilia,
503 1822 629 1895 quum,
656 1801 725 1872 fine
739 1798 845 1888 duce,
869 1800 904 1871 bt
920 1798 990 1870 sine
1006 1797 1164 1896 equitatu

170 1917 443 2015 “deprehensis
470 1915 640 2007 hostibus,
662 1919 880 2015 exploratam
903 1916 1086 1992 victoriam
1109 1918 1163 1993 di·

100 2023 110 2035 ’
170 2043 203 2084 “
220 2036 376 2127 misrlset,
402 2061 447 2112 ne
463 2061 610 2134 parvum
627 2038 736 2112 modo
753 2035 1004 2110 detrimentum
1019 2033 1057 2109 in
1074 2032 1178 2110 con·¹

171 2164 204 2220 ·“
222 2156 379 2234 tentione
422 2176 566 2256 propter
597 2157 816 2257 iniquitatem
857 2156 926 2231 loci
940 2176 943 2200 ¹
957 2154 1161 2246 accideret3

171 2285 204 2338 t‘
221 2295 357 2412 quanto
381 2288 487 2376 opere
514 2303 636 2352 eorum
658 2277 766 2353 animi
794 2271 1074 2412 magnitudinem
1098 2279 1162 2354 ad-

172 2405 205 2450 “
213 2397 418 2510 miraretur,
439 2425 530 2498 quos
545 2425 617 2475 non
633 2399 824 2475 castrorum
840 2397 1065 2491 munitiones,
1087 2425 1162 2476 non

171 2519 371 2595 “altitudo
384 2519 530 2614 montis,
555 2545 628 2595 non
655 2545 777 2594 murus
800 2519 922 2619 oppidi
940 2521 1074 2594 tardare
1097 2527 1161 2618 po-'

172 2646 203 2692 “
217 2639 357 2720 tuillet
386 2661 486 2717 tanto
512 2666 617 2741 opere
644 2640 822 2718 licentiam
849 2635 1162 2742 udrogmtiamque

172 2761 202 2813 “
218 2761 489 2861 reprehendere,
507 2764 605 2861 quod
621 2765 700 2862 plus
711 2762 758 2855 se,
776 2788 884 2862 quam
900 2761 1159 2861 imperatorem,

172 2879 268 2955 “de
290 2881 435 2958 vietoiia
449 2903 555 2980 atque
576 2882 675 2958 exitu
693 2908 811 2958 rerum
836 2882 958 2957 sentire
983 2883 1158 2960 existima·

171 3007 203 3055 t‘
219 3019 319 3074 rent:
345 3027 411 3080 nec
423 3002 541 3078 minus
557 2999 616 3076 sc
606 3027 644 3074 m
660 3001 771 3076 milite
787 3003 1005 3124 modestiam,
1023 3007 1058 3076 δι
1075 3028 1160 3077 con-

172 3130 203 3177 “
219 3121 417 3217 tinentiam,
444 3146 554 3220 quarn
582 3119 763 3213 virtutem,
791 3144 895 3222 atque
924 3118 1032 3242 animi
1059 3147 1160 3221 mag

171 3251 201 3295 “
206 3241 429 3346 titudinem,
454 3241 705 3316 defideraress'·
825 3239 827 3244 ’

219 3365 320 3438 LIlI.
346 3365 431 3440 Hac
458 3361 578 3437 habita
605 3359 792 3453 concione,
828 3365 862 3435 δι
886 3361 931 3435 ad
959 3382 1159 3438 extremum

98 3581 102 3592 Ι
168 3484 324 3564 oratione
340 3483 557 3560 confirmatis
571 3478 753 3575 militibus,
782 3490 810 3526 “
828 3485 937 3570 neob
953 3484 1055 3557 hanc
1062 3481 1158 3556 caus-
1237 3517 1239 3524 ·

130 3612 203 3653 “
216 3605 307 3682 satir
303 3605 434 3682 animo
464 3624 765 3702 permoverentur,
781 3599 873 3696 neu,
902 3589 1038 3705 quod
1027 3603 1157 3704 miqui·

172 3729 202 3779 “
218 3745 294 3806 tas·
286 3727 367 3808 doci
398 3725 624 3822 adtuliffet,
623 3722 662 3798 id
692 3724 814 3802 virtuti
842 3724 995 3812 hostium
1028 3726 1158 3844 tribue

632 3847 701 3930 St
