2814 4754
202 460 232 472 y,
278 383 349 458 228
544 380 587 455 C.
614 375 999 476 JorrrCnrsnnru‘
1075 405 1080 412 ¹

276 555 408 654 'reliqua
429 531 779 666 administrarentur,
772 548 1050 629 centurionibus
1080 554 1139 630 &
1134 558 1260 656 paucis

275 674 446 752 militibus
474 659 683 768 innomiffis',
712 675 773 776 qui
801 699 897 750 arma
918 668 1150 777 jumentaque
1167 703 1259 761 con
1263 741 1290 756 .,

161 871 163 876 ,
276 797 464 896 quirerent,
489 798 661 898 equitatus
677 795 830 872 hostium
847 797 972 894 procul
995 795 1087 873 visus
1107 795 1184 889 est,
1180 798 1262 898 qui

276 945 407 1018 agmen
424 917 718 1019 Vercingetorigis
734 917 980 994 antecesserat:
1012 944 1121 1018 quem
1133 854 1260 996 simul·

246 1133 250 1136 ,
274 1063 380 1140 atquc
396 1040 565 1140 oppidani
582 1039 848 1139 conspexerunt,
858 1077 860 1082 ·
872 1055 979 1137 atque
1004 1037 1044 1112 in
1061 1035 1157 1138 spem
1172 1065 1262 1116 aux·

275 1163 327 1238 ilii
343 1181 527 1254 venerunt,
552 1164 706 1236 clamore
719 1159 867 1251 sublato,
896 1184 995 1234 arma
1021 1185 1157 1259 capere,
1182 1185 1261 1260 por·

277 1289 330 1358 tas
352 1283 525 1377 claudere,
555 1307 704 1358 murum
725 1283 902 1381 complere
925 1295 1122 1379 coepctunt'.
1145 1331 1148 1340 -
1170 1281 1263 1356 Cen-

271 1393 429 1479 ‘curiones
456 1404 495 1478 in
511 1387 670 1503 oppido,
689 1428 801 1502 quum
824 1427 870 1478 ex
897 1399 1151 1501 significatione
1177 1405 1262 1480 Gal-

277 1525 494 1601 lorum'novi
509 1524 644 1622 aliquid
670 1527 716 1598 ab
734 1523 787 1596 his
814 1522 892 1598 iniri
915 1523 1045 1599 consilii
1073 1517 1261 1600 intellexis-

151 1701 152 1706 ,
275 1647 372 1734 sent3
396 1635 518 1745 gladiis
536 1643 721 1737 destrislis‚
744 1665 861 1744 portas
877 1650 1153 1745 occupaverunt,
1170 1643 1262 1722 suos·

276 1793 348 1868 que
363 1791 486 1843 omnes
502 1766 694 1845 incolumes
712 1786 930 1867 rQecepsrunt
1048 1777 1049 1784 ’

308 1892 427 1966 Xlll.
452 1873 563 1964 Caesar
591 1914 636 1963 ex
661 1889 785 1963 castris
803 1887 999 1987 equitatum
1020 1871 1122 1962 educi
1143 1851 1259 1986 jubet,

275 2014 515 2112 proeliumque
527 2009 684 2112 equestre
700 2007 912 2086 committit·
933 2005 1202 2086 laborantibus
1183 2033 1259 2106 Jam

275 2135 349 2210 suis.
360 2139 553 2210 Germanos
571 2132 704 2233 equites
730 2131 863 2208 circiter
889 2155 935 2205 cu
958 2117 1141 2222 submittit,
1170 2153 1260 2228 quos

130 2245 150 2368 Ἰ
274 2255 348 2329 ab
338 2255 438 2329 initio
463 2254 581 2329 secum
606 2255 735 2368 habere
751 2252 951 2328 instituerat.
1003 2250 1172 2326 Eorum
1163 2275 1259 2350 rnpe·

273 2394 351 2448 tum
370 2374 471 2455 Galli
480 2372 640 2448 sustinere
652 2361 725 2447 non
738 2391 940 2471 potuerunt,
964 2391 1068 2490 atque
1084 2372 1121 2445 in
1137 2371 1260 2492 fugam

273 2494 434 2595 conjecti,
446 2495 577 2570 multis
594 2494 747 2584 amiffis,
764 2493 798 2568 se
814 2495 860 2567 ad
885 2518 1014 2593 agmen
1031 2487 1258 2590 receperunt.

201 2641 206 2652 “
273 2617 400 2716 quibus
418 2615 624 2714 profligatis,
643 2611 756 2686 rursus'
770 2611 940 2711 oppidani
955 2611 1140 2724 perterriti,
1159 2639 1258 2688 com

271 2733 457 2838 prehensos
474 2750 548 2825 eos,
566 2741 729 2833 quorum
751 2757 859 2846 opera
886 2733 1028 2832 plebem
1046 2719 1260 2812 concitatam

271 2839 530 2945 existimabant,
558 2855 602 2928 ad
634 2852 805 2931 Caesarem
834 2854 1085 2955 perduxerunt,
1111 2843 1259 2955 seseque

271 2997 303 3055 er
293 2975 541 3052 dediderunt.
591 2975 731 3076 Qubus
756 2979 862 3052 rebus
878 2973 1058 3090 molestis,
1084 2972 1199 3091 Casan
1213 2976 1258 3048 ad

271 3096 445 3198 oppidum
464 3085 670 3210 Avaricum,
700 3097 797 3199 quod
825 3117 899 3172 crat
927 3079 1126 3173 maximum
1144 3093 1256 3168 muni

269 3220 533 3320 tillrmumque
523 3246 559 3294 1n
578 3189 709 3295 linibus
728 3219 942 3320 Biturigum,
973 3240 1086 3330 atque
1095 3236 1171 3314 agrr
1161 3214 1254 3290 &fer

263 3341 439 3416 ,tiliffima
435 3341 600 3441 regione,
619 3337 802 3439 proseslus
820 3341 894 3416 est:-
921 3327 1035 3440 quod,
1063 3351 1107 3411 eo
1124 3335 1257 3435 oppido

225 3466 232 3478 ‘
270 3481 427 3565 recepto,
453 3461 630 3564 civitatem
646 3458 864 3562 biturigum
851 3459 929 3535 se
920 3486 958 3535 rn
952 3453 1179 3596 potestatem·
1202 3476 1255 3532 re·

206 3637 207 3644 κ
271 3580 457 3658 dastururn
473 3559 685 3674 confidebat.
743 3629 746 3636 ·
792 3627 795 3634 n
