2912 4750
285 395 343 460 ³52
481 369 719 453 JosEPHI
762 367 1088 446 -scrnrosns

283 530 409 593 secundae
421 527 607 588 Narbonensis
626 533 652 585 ἀ
675 525 837 604 Aquitania.
877 526 962 603 Alpes
983 522 1082 583 Graiae
1104 528 1131 582 dc
1151 523 1285 595 Poeninae,

284 611 377 688 Alpes'
391 607 548 673 maritimae,
567 604 837 682 Novempopulania.
882 604 989 662 Totum
1011 603 1078 670 hoc,
1106 603 1182 684 quod
1205 601 1283 660 unius

281 681 586 825 &dissidiis
601 681 734 834 pipp
753 680 1008 822 ἕὲἑξὲἶθῖἶῗῖἓῗ
1017 679 1283 833 ῗοίἶξῗήῗέἑςὲἓῗ

407 803 416 822 ι
726 803 734 826 ,
788 789 795 816 s
864 801 872 825 ,
1118 798 1125 814 .

283 860 346 900 rum
359 838 433 898 vices
451 839 536 896 muira
549 837 586 894 in'
597 786 796 894 hadedivifione
809 785 1003 901 immutarsinr,
1027 833 1073 892 sed
1089 836 1168 892 status
1183 835 1282 891 Eccle-

282 916 399 976 siasticus
413 929 468 973 tarn
492 916 521 972 in
535 913 652 972 Oriente
670 934 754 991 quam
767 912 795 970 in
809 912 966 970 Occidente
978 914 1035 988 ejus
1048 911 1156 991 integra
1169 910 1283 989 vestigia

285 995 413 1054 hasienus
427 991 553 1050 retinuit.
594 991 669 1049 Nam
689 990 828 1057 civitates,
852 988 1079 1067 quaeprovinciis
1104 987 1219 1047 nomina
1242 990 1282 1046 se-

287 1085 395 1136 cerunr,
411 1072 566 1151 μηςοπόλιις
575 1084 693 1128 vocant:
717 1068 774 1125 &ss
789 1067 818 1125 in
832 1069 871 1125 eis
883 1065 958 1123 sedes
972 1066 1059 1124 suerit
1072 1066 1183 1132 vicarii,
1203 1085 1282 1141 quesn

284 1149 387 1229 ἰ’ξαςχω
413 1147 551 1206 vocabant
570 1166 615 1204 eas
634 1165 689 1204 non
708 1145 795 1203 solum
814 1146 979 1224 μητςοτὸλιις,
998 1144 1044 1203 sed
1064 1149 1090 1201 dr
1118 1143 1235 1222 ἰξαςχίας
1256 1149 1298 1200 δι’

282 1229 452 1307 congravans
464 1239 577 1284 vocant:
589 1229 615 1281 ὅτ
628 1221 753 1304 praesules
770 1242 863 1282 earum
874 1220 921 1292 'ii'
970 1222 1035 1288 suad
1049 1222 1227 1301 πατριάςχιςε
1241 1241 1281 1278 re-

285 1305 375 1382 liquos
383 1307 572 1383 μπςοτολίτας,
585 1301 627 1360 ursi
652 1298 660 1317 ⁹
702 1303 844 1376 rursusne,
858 1299 907 1377 qui
934 1301 971 1360 ub
984 1299 1011 1358 se
1025 1315 1134 1357 tantum
1153 1303 1283 1366 intexitur

284 1383 407 1442 habent:
430 1399 492 1440 nans
506 1386 527 1437 οἱ
542 1380 642 1460 {Qu
673 1381 709 1436 ub
722 1377 749 1436 se
769 1395 867 1455 praeter
882 1375 1023 1456 episcopos
1041 1381 1221 1456 mperatres
1235 1379 1278 1434 ha-

284 1459 364 1526 bent,
382 1485 434 1534 pm
446 1466 560 1517 musar
586 1476 651 1514 vero
675 1471 781 1519 rantum
806 1457 946 1522 {russeus
986 1454 1020 1511 In
1042 1454 1165 1516 Ecclefia
1186 1455 1284 1514 Latina

283 1487 565 1613 Archiepisioporum
583 1540 609 1592 δι
623 1553 723 1590 nomen
735 1539 761 1590 δι
774 1533 821 1609 jus
842 1548 943 1600 manet,
964 1537 990 1589 δι
1007 1531 1169 1610 jurisdictio
1188 1532 1279 1590 Cano-

284 1613 348 1670 niea
368 1612 398 1670 in
420 1611 482 1669 suos
503 1609 644 1689 episcopos
663 1608 857 1687 suffraganeos,
885 1609 930 1668 sed
948 1607 1054 1689 ὶξαίςχωι
1075 1611 1150 1668 nulla
1170 1608 1282 1688 vestigia

281 1703 396 1746 extant:
417 1687 467 1746 nifi
485 1687 557 1743 sorte
576 1687 702 1763 quaedanr
725 1689 822 1746 umbra
844 1688 903 1762 ejus
923 1686 1020 1754 fuerit,
1043 1685 1115 1763 quod
1140 1705 1281 1764 metropo-

281 1765 405 1828 litafive
418 1762 636 1843 archiepiscopus
650 1763 812 1822 Viennensis
830 1764 976 1842 primatem
996 1764 1141 1841 primatum
1155 1762 1211 1822 sese
1232 1785 1283 1822 vo-

236 1904 240 1911 ,
282 1856 338 1901 cat.
380 1837 422 1900 Eo
442 1841 518 1899 enirn
542 1839 657 1901 ostendit
679 1840 730 1900 sub
752 1840 928 1920 seprimates
949 1841 1083 1908 habuisse,
1108 1839 1156 1916 qui
1173 1839 1226 1900 sub
1249 1861 1283 1900 eo

280 1920 375 1990 essent,
399 1918 606 1978 Narbonensem
620 1917 765 1995 primatem
779 1918 944 1987 Provinciae,
964 1917 1163 1976 Biturieensern
1182 1918 1281 1996 prima·

280 2010 338 2056 tem
351 1995 521 2075 Aquitaniae.
561 1996 654 2055 Aliter
665 1989 805 2088 qu'omodo
818 2012 865 2053 aut
876 2017 932 2073 quo
942 1996 1004 2072 jure
1017 1995 1118 2072 primas
1132 1995 1279 2073 primatum

280 2075 432 2144 diceretur,
449 2073 501 2132 nisi
528 2073 634 2134 ratione
659 2075 808 2133 droeceseos
834 2073 942 2132 Vicarii
966 2073 1129 2132 Viennensis
1161 2072 1282 2150 praesedii

281 2152 423 2230 praetorio,
449 2151 497 2227 qui
528 2149 629 2228 septem
654 2151 812 2230 provincias
835 2150 885 2209 sub
910 2151 937 2208 se
969 2151 1098 2219 habebat,
1134 2149 1282 2226 inquibus

280 2229 370 2306 prima
384 2227 579 2295 Narbonensis,
602 2234 628 2285 δι
648 2229 736 2308 prima
755 2227 932 2306 Aquitania?
966 2227 1050 2304 Quod
1074 2247 1141 2286 vero
1163 2228 1281 2306 Lugdu·

283 2305 371 2364 nensis
390 2305 534 2384 primatem
555 2303 608 2364 sese
621 2307 715 2366 uocari
727 2307 856 2394 gaudeat,
871 2325 1003 2381 nuperum
1025 2312 1051 2362 dc
1072 2304 1213 2366 novitium
1234 2307 1281 2372 est,
1389 2353 1392 2358 .

280 2388 308 2440 ἃ
333 2381 430 2442 illiers
453 2382 587 2440 beneficio
614 2383 755 2441 Pontificio
777 2383 861 2442 Rom.
883 2382 1033 2440 indultum.
1060 2383 1163 2458 Neque
1187 2399 1277 2442 tamen

279 2479 384 2549 novum
415 2459 463 2520 est.
516 2459 591 2520 Nam
610 2460 779 2520 Guilielnrus
807 2461 884 2518 Brito
910 2459 940 2517 in
973 2460 1019 2518 sua
1043 2460 1217 2539 Philippeide
1238 2461 1277 2520 ita

280 2552 374 2597 cauit:

478 2617 514 2676 Et
532 2617 716 2695 Lugdunerfis,
741 2637 787 2693 quo
800 2613 891 2674 Gallia
906 2607 1075 2691 terasciam,

475 2694 601 2774 Ursam
613 2698 657 2770 est,
678 2694 793 2753 Primale
813 2699 877 2770 regi.
927 2757 930 2762 Ι
1001 2679 1017 2716 ⁸

279 2768 321 2826 As
334 2766 435 2845 primas
457 2769 605 2846 primatum
629 2784 709 2828 antea
727 2769 785 2827 dici
802 2771 865 2846 jure
888 2790 943 2830 non
966 2770 1068 2847 potuit,
1090 2772 1156 2849 quia
1177 2773 1278 2834 nullam

279 2843 398 2922 primaru
412 2845 586 2923 provinciam
600 2844 650 2905 sub
663 2846 689 2904 se
703 2846 829 2905 habebat.
870 2847 1033 2908 Viennensis
1046 2849 1150 2927 prirnas
1164 2851 1276 2928 quidem

279 2920 428 3000 primatum
449 2923 543 2982 vocari
558 2924 628 2993 uult,
650 2923 696 2983 sed
709 2925 826 2993 caussam
840 2941 896 2984 tarn
907 2925 969 2994 ille,
989 2947 1069 3002 quam
1085 2929 1177 2986 omnis
1190 2930 1279 2986 eccle.

278 3000 317 3058 fia
330 2999 451 3078 ignorat.
491 3001 562 3060 Haec
581 3002 680 3062 divisio
701 3001 869 3071 Galliarum,
889 3019 919 3061 ut
934 3006 1058 3062 omniurn
1084 3005 1278 3082 antiquissima,

279 3075 320 3138 ita
333 3078 478 3138 certiffima
498 3079 579 3139 nobis
595 3080 730 3158 sequenda
751 3095 822 3148 erar,
843 3101 932 3158 neque
946 3083 1001 3140 ulla
1015 3083 1114 3140 melior
1132 3081 1277 3159 quaereuda

278 3175 296 3216 a
314 3155 394 3215 nobis
406 3173 476 3225 erar,
495 3159 514 3216 fi
529 3156 644 3236 integrae
658 3157 712 3216 illae
735 3157 850 3238 ίξαςῄαι
867 3159 957 3218 adhuc
971 3158 1071 3216 finibus
1085 3159 1177 3238 Regni
1192 3160 1278 3222 Fran·

243 3299 246 3304 ¹
277 3253 375 3294 corum
393 3235 611 3304 continerentur,
633 3251 664 3294 ut
681 3235 751 3294 olim
765 3237 813 3294 sub
831 3237 936 3294 Karolo
950 3235 1069 3314 Magno,
1092 3238 1189 3314 &ejus
1208 3237 1276 3307 silio,

278 3310 477 3399 denepoubus.
516 3313 570 3370 Sed
583 3312 648 3392 quia
665 3333 702 3374 ex
715 3313 766 3372 illo
779 3313 944 3392 ,ampriffino
965 3313 1085 3404 imperio
1105 3316 1199 3372 mulsae
1212 3315 1277 3373 Pro·

277 3389 379 3448 vinciae
400 3389 528 3450 detrastae
548 3389 621 3458 sunt,
641 3391 696 3450 alia
718 3391 797 3450 nobis
816 3389 934 3450 tributio
956 3390 1134 3451 instituenda.
1175 3391 1277 3452 Gallis

279 3462 367 3542 igitur
379 3465 433 3525 stre
448 3467 571 3526 Franciae
589 3467 738 3546 imperium
753 3471 816 3527 odio
830 3468 1012 3528 tribunalibus
1026 3483 1207 3546 temperatur,
1216 3485 1277 3546 quae

274 3541 319 3617 jus
333 3541 452 3601 reddunt
473 3544 625 3622 provinciis
646 3544 711 3614 suis,
734 3545 869 3624 aquibus
890 3545 1093 3604 Tribunalibus
1114 3545 1277 3624 provocatio

278 3619 393 3676 nonest.
466 3642 564 3681 uorurn
584 3629 611 3682 dc
626 3625 745 3682 ma‘estas
767 3623 945 3704 augustissima
958 3625 1008 3692 est,
1028 3629 1053 3682 a
1073 3624 1219 3691 austoritss
1235 3625 1277 3682 sa-

281 3691 427 3786 «sosanna
487 3701 638 3758 uelamenta
682 3701 729 3760 alli
744 3700 878 3760 idiomate
886 3699 936 3760 suo
949 3717 1060 3760 vocant.
1101 3701 1276 3778 Nonpouu-

278 3790 337 3830 ms:
364 3773 508 3836 meliorem
535 3778 631 3838 uostrae
651 3777 809 3858 partitionis
827 3776 962 3840 rationem
980 3778 1065 3849 inire,
1089 3799 1172 3856 quarn
1198 3779 1219 3840 si
1244 3779 1275 3838 in
