2932 4750
442 412 493 465 nr
517 387 650 468 Bauio
668 387 858 468 Gnmrco
883 391 975 466 Lra.
993 389 1024 465 Ι.
1211 413 1230 492 5

247 559 318 634 late
333 565 556 660 vagarentur,
583 565 622 658 &¹
648 562 764 638 minus
780 559 881 638 facile
910 561 1078 638 finitimit
1100 561 1236 636 bellum

243 681 374 758 inferre
389 685 537 782 pollent.
587 688 669 786 Qra
689 686 736 760 de
760 686 874 760 cauffa
902 683 1063 760 homines
1079 683 1235 758 bellandi

246 802 368 902 cupidi
393 831 525 904 magno
553 807 674 882 dolore
702 806 996 882 adliciebantur.“
1017 805 1087 880 Pro
1114 804 1233 878 multi·

245 917 371 1000 tudine
386 947 505 1000 autem
521 928 723 1016 hominum,
742 931 775 1000 δι
794 952 858 1024 pro
882 925 991 1024 gloria
1017 925 1101 1010 belli
1127 943 1233 1022 atque

238 1043 470 1138 fortitudinis,
492 1049 658 1146 angustos
674 1046 708 1122 se
725 1047 803 1120 finis
820 1047 949 1120 habere
965 1045 1231 1136 arbitrabantur,

246 1164 311 1262 qui
329 1164 366 1238 in
382 1167 646 1266 longitudinem
662 1167 758 1240 milia
774 1168 1066 1265 paffuum'ccxn,
1092 1165 1128 1238 in
1154 1165 1231 1240 lati·

245 1285 411 1362 tudinem
428 1313 556 1362 ccxxx
572 1290 750 1385 patebant.

299 1407 361 1478 Ill.
387 1407 459 1481 His
483 1410 584 1482 rebus
611 1408 766 1500 addutti,
793 1411 828 1484 tc
855 1405 1058 1483 ausloritate
1080 1409 1233 1508 Orgeto-

246 1524 334 1625 rigis
352 1528 516 1626 permoti,
546 1529 799 1606 constituerunt
827 1514 881 1622 ea,
909 1557 989 1632 quae
1011 1531 1057 1606 ad
1079 1525 1234 1630 proficis·

246 1649 400 1724 cendum
428 1649 654 1746 pertinerent,
684 1677 900 1752 comparare,
925 1651 1169 1754 jumentorum
1199 1651 1233 1725 δι
1320 1633 1322 1642 i

247 1793 424 1850 carrorum
443 1797 550 1872 quam
563 1773 761 1848 maximum
779 1799 964 1850 numerum
981 1771 1155 1862 coemere,
1185 1769 1234 1846 se-

247 1909 383 1967 mentes
400 1919 509 1994 quam
527 1893 700 1968 maximas
717 1891 842 1985 facere,
873 1915 912 1968 ut
929 1895 965 1967 in
989 1893 1108 1966 itinere
1133 1892 1236 1991 copia

248 2009 415 2087 frumenti
432 2011 640 2110 subpeteret,
666 2041 751 2088 cum
765 2013 938 2111 proximis
950 2011 1151 2086 civitatibus
1176 2037 1236 2110 pa·

245 2109 328 2206 cein
346 2131 594 2206 &amicitiam
621 2136 840 2208 confirmare.
890 2135 951 2209 Ad
979 2131 1045 2207 eas'
1058 2157 1112 2208 res
1128 2133 1238 2207 confi·

249 2251 392 2352 ciendas
410 2250 593 2326 biennium
621 2253 681 2326 fibi
704 2252 781 2326 satis
798 2255 864 2326 effe
880 2254 1081 2339 duxerunt;
1109 2252 1144 2324 in
1169 2271 1237 2326 tet·

155 2441 160 2449 .
250 2371 341 2445 tium
369 2395 503 2444 annum
521 2361 876 2472 profectionemlege
903 2374 1126 2447 confirmant.
1175 2374 1238 2448 Ad

249 2517 307 2568 aas
335 2516 388 2565 ren
414 2488 652 2564 conficiendas
677 2492 867 2590 Orgetorix
890 2492 1068 2592 deligitur.
1107 2494 1153 2565 ls
1178 2493 1239 2567 fibi

250 2611 525 2712 legationem-ad
545 2611 699 2688 civitates
713 2609 871 2711 suscepit.
906 2614 947 2688 lu
960 2635 1003 2691 eo
1021 2610 1142 2688 itinere
1159 2637 1237 2712 per-

250 2731 370 2808 suadet
385 2767 392 2806 1
402 2731 551 2823 Castico,
590 2732 887 2844 Catamantaledis
927 2731 1015 2824 filio,
1061 2736 1238 2832 Sequan0‚

252 2850 351 2951 cujus
367 2871 464 2951 pater
481 2877 629 2951 regnum
647 2852 692 2925 in·
707 2851 874 2950 Sequanis
897 2853 1026 2926 multos
1042 2877 1152 2929 annos
1174 2857 1240 2928 ob·
1360 2845 1363 2850 ’

254 2973 415 3064 tinuerat,
444 2975 751 3071 &an-Rota.
778 2971 911 3071 amicus
936 2974 1131 3072 adpellatus
1154 2994 1239 3063 erat,

255 3115 294 3168 ut
319 3119 468 3194 regnum
493 3093 532 3169 in
558 3092 697 3188 civitate
718 3092 776 3168 sua
800 3097 998 3192 occuparet,
1023 3093 1120 3189 quod
1147 3111 1270 3188 pater1

254 3236 336 3288 ante
353 3217 543 3316 habuerat:
571 3212 962 3310 itemque‘Dumnorigi
979 3213 1117 3302 AEduo,
1149 3207 1244 3287 fratri

255 3334 436 3424 Divitiaci,
458 3332 521 3433 qui
544 3357 585 3406 eo
608 3351 768 3428 tempore
793 3329 1026 3429 principatum
1048 3329 1085 3403 in
1104 3330 1243 3408 civitate

157 3504 160 3515 ·
256 3455 449 3554 obtinebat,
467 3480 508 3530 ac
525 3451 683 3528 maxime
699 3450 794 3552 plebi
812 3469 975 3548 acceptus
988 3465 1071 3542 erat,
1089 3473 1128 3527 ut
1145 3452 1245 3531 idem.
1292 3441 1295 3448 ⁴

257 3583 452 3664 conaretur,
477 3573 675 3672 persuadete
706 3572 809 3671 eique
826 3571 934 3646 filiam
952 3569 1046 3660 suam
1070 3573 1107 3646 in
1125 3574 1242 3648 matri·

236 3694 420 3812 ‘monium
446 3695 519 3770 dat.
568 3691 737 3768 Perfacile
765 3691 860 3768 factu
890 3693 970 3784 effe,
1005 3693 1072 3767 illis
1103 3695 1242 3790 probat,

435 3819 440 3828 .
771 3815 798 3888 B
824 3839 843 3909 3
