<?xml version="1.0" encoding="UTF-8"?>
<!DOCTYPE html PUBLIC "-//W3C//DTD XHTML 1.0 Transitional//EN"
    "http://www.w3.org/TR/xhtml1/DTD/xhtml1-transitional.dtd">
<html xmlns="http://www.w3.org/1999/xhtml" xml:lang="en" lang="en">
 <head>
  <title>
</title>
<meta http-equiv="Content-Type" content="text/html;charset=utf-8" />
  <meta name='ocr-system' content='tesseract 3.04.00' />
  <meta name='ocr-capabilities' content='ocr_page ocr_carea ocr_par ocr_line ocrx_word'/>
</head>
<body>
  <div class='ocr_page' id='page_1' title='image "./caiijuliicaesar00dodwgoog_0029.png"; bbox 0 0 2932 4750; ppageno 0'>
   <div class='ocr_carea' id='block_1_1' title="bbox 151 379 991 483">
    <p class='ocr_par' dir='ltr' id='par_1_1' title="bbox 151 379 991 483">
     <span class='ocr_line' id='line_1_1' title="bbox 151 379 991 483; baseline -0.002 -23"><span class='ocrx_word' id='word_1_1' title='bbox 151 419 159 428; x_wconf 93' lang='lat'><em>·</em></span> <span class='ocrx_word' id='word_1_2' title='bbox 269 393 312 468; x_wconf 72' lang='grc' dir='ltr'><strong>ιε</strong></span> <span class='ocrx_word' id='word_1_3' title='bbox 542 386 584 460; x_wconf 84' lang='lat' dir='ltr'><strong>C.</strong></span> <span class='ocrx_word' id='word_1_4' title='bbox 610 379 751 483; x_wconf 74' lang='lat' dir='ltr'><strong>Juatr</strong></span> <span class='ocrx_word' id='word_1_5' title='bbox 777 383 991 460; x_wconf 66' lang='lat' dir='ltr'><strong>Cntnnra</strong></span> 
     </span>
    </p>
   </div>
   <div class='ocr_carea' id='block_1_2' title="bbox 233 551 1335 3317">
    <p class='ocr_par' dir='ltr' id='par_1_2' title="bbox 266 551 1335 1869">
     <span class='ocr_line' id='line_1_2' title="bbox 266 551 1255 663; baseline -0.012 -21"><span class='ocrx_word' id='word_1_6' title='bbox 266 572 296 612; x_wconf 74' lang='lat'><strong>‘⁴</strong></span> <span class='ocrx_word' id='word_1_7' title='bbox 312 581 415 641; x_wconf 85' lang='lat' dir='ltr'><strong>tutus.</strong></span> <span class='ocrx_word' id='word_1_8' title='bbox 464 562 499 636; x_wconf 87' lang='lat' dir='ltr'><strong>Si</strong></span> <span class='ocrx_word' id='word_1_9' title='bbox 524 559 618 663; x_wconf 88' lang='lat' dir='ltr'><strong>quid</strong></span> <span class='ocrx_word' id='word_1_10' title='bbox 638 560 777 638; x_wconf 85' lang='lat' dir='ltr'><strong>accidat</strong></span> <span class='ocrx_word' id='word_1_11' title='bbox 797 551 987 649; x_wconf 75' lang='lat' dir='ltr'><strong>Romanis,</strong></span> <span class='ocrx_word' id='word_1_12' title='bbox 1016 553 1197 632; x_wconf 77' lang='lat' dir='ltr'><strong>summam</strong></span> <span class='ocrx_word' id='word_1_13' title='bbox 1217 551 1255 630; x_wconf 90' lang='lat' dir='ltr'><strong>in</strong></span> 
     </span>
     <span class='ocr_line' id='line_1_3' title="bbox 267 673 1254 784; baseline -0.011 -23"><span class='ocrx_word' id='word_1_14' title='bbox 267 685 297 731; x_wconf 80' lang='lat'>“</span> <span class='ocrx_word' id='word_1_15' title='bbox 314 683 412 784; x_wconf 90' lang='lat' dir='ltr'><strong>spem</strong></span> <span class='ocrx_word' id='word_1_16' title='bbox 430 703 491 783; x_wconf 89' lang='lat' dir='ltr'><strong>per</strong></span> <span class='ocrx_word' id='word_1_17' title='bbox 503 681 690 761; x_wconf 81' lang='lat' dir='ltr'><strong>Helvetios</strong></span> <span class='ocrx_word' id='word_1_18' title='bbox 706 681 807 783; x_wconf 85' lang='lat' dir='ltr'><strong>regni</strong></span> <span class='ocrx_word' id='word_1_19' title='bbox 822 678 1005 757; x_wconf 86' lang='lat' dir='ltr'><strong>obtinendi</strong></span> <span class='ocrx_word' id='word_1_20' title='bbox 1019 673 1160 754; x_wconf 80' lang='lat' dir='ltr'><strong>venire:</strong></span> <span class='ocrx_word' id='word_1_21' title='bbox 1184 677 1254 751; x_wconf 85' lang='lat' dir='ltr'><strong>im-</strong></span> 
     </span>
     <span class='ocr_line' id='line_1_4' title="bbox 267 791 1255 905; baseline -0.006 -25"><span class='ocrx_word' id='word_1_22' title='bbox 267 812 296 850; x_wconf 86' lang='lat'><strong><em>“</em></strong></span> <span class='ocrx_word' id='word_1_23' title='bbox 314 805 409 905; x_wconf 85' lang='lat' dir='ltr'><strong>perio·</strong></span> <span class='ocrx_word' id='word_1_24' title='bbox 425 804 547 904; x_wconf 88' lang='lat' dir='ltr'><strong>populi</strong></span> <span class='ocrx_word' id='word_1_25' title='bbox 571 803 728 880; x_wconf 84' lang='lat' dir='ltr'><strong>Romani</strong></span> <span class='ocrx_word' id='word_1_26' title='bbox 749 827 822 879; x_wconf 88' lang='lat' dir='ltr'><strong>non</strong></span> <span class='ocrx_word' id='word_1_27' title='bbox 837 799 948 878; x_wconf 86' lang='lat' dir='ltr'><strong>modo</strong></span> <span class='ocrx_word' id='word_1_28' title='bbox 972 791 1018 876; x_wconf 88' lang='lat' dir='ltr'><strong>de</strong></span> <span class='ocrx_word' id='word_1_29' title='bbox 1045 819 1172 899; x_wconf 81' lang='lat' dir='ltr'><strong>regno,</strong></span> <span class='ocrx_word' id='word_1_30' title='bbox 1186 796 1255 874; x_wconf 81' lang='lat' dir='ltr'><strong>ted</strong></span> 
     </span>
     <span class='ocr_line' id='line_1_5' title="bbox 268 919 1255 1025; baseline -0.007 -24"><span class='ocrx_word' id='word_1_31' title='bbox 268 933 296 970; x_wconf 85' lang='lat'><strong>“</strong></span> <span class='ocrx_word' id='word_1_32' title='bbox 313 926 419 1001; x_wconf 83' lang='lat' dir='ltr'><strong>etiam</strong></span> <span class='ocrx_word' id='word_1_33' title='bbox 447 929 492 1001; x_wconf 88' lang='lat' dir='ltr'><strong>de</strong></span> <span class='ocrx_word' id='word_1_34' title='bbox 520 949 574 1017; x_wconf 85' lang='lat' dir='ltr'><strong>ea,</strong></span> <span class='ocrx_word' id='word_1_35' title='bbox 602 951 711 1025; x_wconf 89' lang='lat' dir='ltr'><strong>quam</strong></span> <span class='ocrx_word' id='word_1_36' title='bbox 728 925 868 1016; x_wconf 87' lang='lat' dir='ltr'><strong>habeat,</strong></span> <span class='ocrx_word' id='word_1_37' title='bbox 900 921 1012 1024; x_wconf 82' lang='lat' dir='ltr'><strong>gratia</strong></span> <span class='ocrx_word' id='word_1_38' title='bbox 1038 919 1255 1020; x_wconf 83' lang='lat' dir='ltr'><strong>desperare.&#39;&#39;</strong></span> 
     </span>
     <span class='ocr_line' id='line_1_6' title="bbox 268 1039 1255 1146; baseline -0.008 -24"><span class='ocrx_word' id='word_1_39' title='bbox 268 1043 482 1146; x_wconf 80' lang='lat' dir='ltr'><strong>Reperiebat</strong></span> <span class='ocrx_word' id='word_1_40' title='bbox 493 1047 646 1122; x_wconf 84' lang='lat' dir='ltr'><strong>etiamin</strong></span> <span class='ocrx_word' id='word_1_41' title='bbox 659 1039 849 1146; x_wconf 78' lang='lat' dir='ltr'><strong>quaerendn</strong></span> <span class='ocrx_word' id='word_1_42' title='bbox 861 1046 988 1137; x_wconf 83' lang='lat' dir='ltr'><strong>Caesat,</strong></span> <span class='ocrx_word' id='word_1_43' title='bbox 1002 1042 1147 1143; x_wconf 84' lang='lat' dir='ltr'><strong>“quod</strong></span> <span class='ocrx_word' id='word_1_44' title='bbox 1161 1055 1255 1140; x_wconf 79' lang='lat' dir='ltr'><strong>prte-</strong></span> 
     </span>
     <span class='ocr_line' id='line_1_7' title="bbox 269 1163 1335 1268; baseline -0.006 -28"><span class='ocrx_word' id='word_1_45' title='bbox 269 1175 298 1212; x_wconf 90' lang='lat'><strong>“</strong></span> <span class='ocrx_word' id='word_1_46' title='bbox 315 1167 405 1243; x_wconf 88' lang='lat' dir='ltr'><strong>lium</strong></span> <span class='ocrx_word' id='word_1_47' title='bbox 422 1167 578 1268; x_wconf 87' lang='lat' dir='ltr'><strong>equestre</strong></span> <span class='ocrx_word' id='word_1_48' title='bbox 594 1166 776 1242; x_wconf 85' lang='lat' dir='ltr'><strong>adversum</strong></span> <span class='ocrx_word' id='word_1_49' title='bbox 793 1167 915 1267; x_wconf 83' lang='lat' dir='ltr'>paucis</span> <span class='ocrx_word' id='word_1_50' title='bbox 936 1185 1016 1242; x_wconf 88' lang='lat' dir='ltr'><strong>ante</strong></span> <span class='ocrx_word' id='word_1_51' title='bbox 1032 1163 1156 1240; x_wconf 82' lang='lat' dir='ltr'><strong>diebus</strong></span> <span class='ocrx_word' id='word_1_52' title='bbox 1172 1163 1256 1236; x_wconf 69' lang='lat' dir='ltr'><strong>effer</strong></span> <span class='ocrx_word' id='word_1_53' title='bbox 1330 1195 1335 1206; x_wconf 92' lang='lat'>·</span> 
     </span>
     <span class='ocr_line' id='line_1_8' title="bbox 269 1269 1255 1389; baseline -0.007 -25"><span class='ocrx_word' id='word_1_54' title='bbox 269 1295 298 1332; x_wconf 89' lang='lat'><strong><em>“</em></strong></span> <span class='ocrx_word' id='word_1_55' title='bbox 315 1287 446 1364; x_wconf 74' lang='lat' dir='ltr'><strong>fadum</strong></span> <span class='ocrx_word' id='word_1_56' title='bbox 458 1318 470 1377; x_wconf 90' lang='lat'>;</span> <span class='ocrx_word' id='word_1_57' title='bbox 501 1288 640 1364; x_wconf 87' lang='lat' dir='ltr'><strong>initium</strong></span> <span class='ocrx_word' id='word_1_58' title='bbox 668 1287 739 1387; x_wconf 86' lang='lat' dir='ltr'><strong>ejus</strong></span> <span class='ocrx_word' id='word_1_59' title='bbox 763 1269 858 1389; x_wconf 73' lang='lat' dir='ltr'><strong>ffigae</strong></span> <span class='ocrx_word' id='word_1_60' title='bbox 886 1287 1018 1363; x_wconf 66' lang='lat' dir='ltr'><strong>fadum</strong></span> <span class='ocrx_word' id='word_1_61' title='bbox 1044 1311 1065 1362; x_wconf 89' lang='lat' dir='ltr'><strong>a</strong></span> <span class='ocrx_word' id='word_1_62' title='bbox 1091 1286 1255 1360; x_wconf 76' lang='lat' dir='ltr'><strong>Dumno-</strong></span> 
     </span>
     <span class='ocr_line' id='line_1_9' title="bbox 270 1405 1255 1510; baseline -0.009 -24"><span class='ocrx_word' id='word_1_63' title='bbox 270 1416 298 1454; x_wconf 89' lang='lat'><strong>“</strong></span> <span class='ocrx_word' id='word_1_64' title='bbox 316 1409 405 1510; x_wconf 83' lang='lat' dir='ltr'><strong>rige,</strong></span> <span class='ocrx_word' id='word_1_65' title='bbox 442 1429 547 1509; x_wconf 87' lang='lat' dir='ltr'><strong>atque</strong></span> <span class='ocrx_word' id='word_1_66' title='bbox 589 1407 662 1508; x_wconf 80' lang='lat' dir='ltr'><strong>ejus</strong></span> <span class='ocrx_word' id='word_1_67' title='bbox 696 1409 901 1508; x_wconf 70' lang='lat' dir='ltr'><strong>equitibuse</strong></span> <span class='ocrx_word' id='word_1_68' title='bbox 945 1410 1048 1504; x_wconf 82' lang='lat' dir='ltr'><strong>(nam</strong></span> <span class='ocrx_word' id='word_1_69' title='bbox 1081 1405 1255 1505; x_wconf 86' lang='lat' dir='ltr'><strong>equitatu,</strong></span> 
     </span>
     <span class='ocr_line' id='line_1_10' title="bbox 269 1523 1257 1635; baseline -0.008 -28"><span class='ocrx_word' id='word_1_70' title='bbox 269 1536 299 1573; x_wconf 75' lang='lat'><strong>‘⁴</strong></span> <span class='ocrx_word' id='word_1_71' title='bbox 316 1555 424 1635; x_wconf 86' lang='lat' dir='ltr'><strong>quern</strong></span> <span class='ocrx_word' id='word_1_72' title='bbox 439 1530 571 1605; x_wconf 84' lang='lat' dir='ltr'><strong>auxilio</strong></span> <span class='ocrx_word' id='word_1_73' title='bbox 583 1529 709 1606; x_wconf 79' lang='lat' dir='ltr'><strong>Caesari</strong></span> <span class='ocrx_word' id='word_1_74' title='bbox 736 1530 846 1605; x_wconf 87' lang='lat' dir='ltr'><strong>AEdui</strong></span> <span class='ocrx_word' id='word_1_75' title='bbox 863 1527 1036 1620; x_wconf 87' lang='lat' dir='ltr'><strong>miserant,</strong></span> <span class='ocrx_word' id='word_1_76' title='bbox 1054 1523 1257 1603; x_wconf 80' lang='lat' dir='ltr'>Dumnorix</span> 
     </span>
     <span class='ocr_line' id='line_1_11' title="bbox 270 1643 1257 1750; baseline -0.005 -25"><span class='ocrx_word' id='word_1_77' title='bbox 270 1657 299 1694; x_wconf 84' lang='lat'><strong>‘⁴</strong></span> <span class='ocrx_word' id='word_1_78' title='bbox 318 1651 492 1749; x_wconf 69' lang='lat' dir='ltr'><strong>praerat.)</strong></span> <span class='ocrx_word' id='word_1_79' title='bbox 544 1643 681 1726; x_wconf 86' lang='lat' dir='ltr'><strong>Eorum</strong></span> <span class='ocrx_word' id='word_1_80' title='bbox 707 1648 794 1750; x_wconf 86' lang='lat' dir='ltr'><strong>fuga</strong></span> <span class='ocrx_word' id='word_1_81' title='bbox 820 1649 997 1750; x_wconf 87' lang='lat' dir='ltr'><strong>reliquum</strong></span> <span class='ocrx_word' id='word_1_82' title='bbox 1031 1649 1099 1724; x_wconf 85' lang='lat' dir='ltr'><strong>effe</strong></span> <span class='ocrx_word' id='word_1_83' title='bbox 1122 1644 1257 1746; x_wconf 84' lang='lat' dir='ltr'><strong>equita·</strong></span> 
     </span>
     <span class='ocr_line' id='line_1_12' title="bbox 272 1769 735 1869; baseline -0.011 -26"><span class='ocrx_word' id='word_1_84' title='bbox 272 1778 300 1816; x_wconf 90' lang='lat'>“</span> <span class='ocrx_word' id='word_1_85' title='bbox 318 1790 396 1845; x_wconf 88' lang='lat' dir='ltr'><strong>tum</strong></span> <span class='ocrx_word' id='word_1_86' title='bbox 414 1769 735 1869; x_wconf 52' lang='lat' dir='ltr'><strong>perterrituml’x„</strong></span> 
     </span>
    </p>

    <p class='ocr_par' dir='ltr' id='par_1_3' title="bbox 233 1886 1267 3317">
     <span class='ocr_line' id='line_1_13' title="bbox 318 1886 1259 1991; baseline -0.003 -26"><span class='ocrx_word' id='word_1_87' title='bbox 318 1889 424 1966; x_wconf 86' lang='lat' dir='ltr'>XIX.</span> <span class='ocrx_word' id='word_1_88' title='bbox 448 1891 588 1990; x_wconf 68' lang='lat' dir='ltr'><strong>Quibus</strong></span> <span class='ocrx_word' id='word_1_89' title='bbox 605 1894 708 1967; x_wconf 88' lang='lat' dir='ltr'><strong>rebus</strong></span> <span class='ocrx_word' id='word_1_90' title='bbox 724 1890 889 1991; x_wconf 81' lang='lat' dir='ltr'><strong>cognitis,</strong></span> <span class='ocrx_word' id='word_1_91' title='bbox 918 1913 1033 1991; x_wconf 85' lang='lat' dir='ltr'><strong>quum</strong></span> <span class='ocrx_word' id='word_1_92' title='bbox 1049 1890 1095 1964; x_wconf 84' lang='lat' dir='ltr'><strong>ad</strong></span> <span class='ocrx_word' id='word_1_93' title='bbox 1113 1886 1259 1964; x_wconf 74' lang='lat' dir='ltr'><strong>bassus:</strong></span> 
     </span>
     <span class='ocr_line' id='line_1_14' title="bbox 272 2011 1261 2111; baseline 0 -27"><span class='ocrx_word' id='word_1_94' title='bbox 272 2011 426 2110; x_wconf 85' lang='lat' dir='ltr'><strong>piciones</strong></span> <span class='ocrx_word' id='word_1_95' title='bbox 443 2012 631 2087; x_wconf 79' lang='lat' dir='ltr'><strong>certiffimae</strong></span> <span class='ocrx_word' id='word_1_96' title='bbox 649 2038 701 2088; x_wconf 89' lang='lat' dir='ltr'><strong>res</strong></span> <span class='ocrx_word' id='word_1_97' title='bbox 720 2013 950 2089; x_wconf 84' lang='lat' dir='ltr'><strong>accederent:</strong></span> <span class='ocrx_word' id='word_1_98' title='bbox 978 2011 1078 2111; x_wconf 90' lang='lat' dir='ltr'><strong>quod</strong></span> <span class='ocrx_word' id='word_1_99' title='bbox 1095 2012 1261 2108; x_wconf 83' lang='lat' dir='ltr'><strong>perfines</strong></span> 
     </span>
     <span class='ocr_line' id='line_1_15' title="bbox 271 2127 1261 2232; baseline -0.004 -25"><span class='ocrx_word' id='word_1_100' title='bbox 271 2136 513 2231; x_wconf 78' lang='lat' dir='ltr'>Sequanorum</span> <span class='ocrx_word' id='word_1_101' title='bbox 526 2132 713 2209; x_wconf 85' lang='lat' dir='ltr'><strong>Helvetios</strong></span> <span class='ocrx_word' id='word_1_102' title='bbox 729 2127 970 2209; x_wconf 76' lang='lat' dir='ltr'>transduxisset</span> <span class='ocrx_word' id='word_1_103' title='bbox 981 2155 997 2220; x_wconf 75' lang='lat' dir='ltr'><strong>t·</strong></span> <span class='ocrx_word' id='word_1_104' title='bbox 1017 2131 1113 2232; x_wconf 82' lang='lat' dir='ltr'><strong>quud</strong></span> <span class='ocrx_word' id='word_1_105' title='bbox 1125 2129 1261 2205; x_wconf 81' lang='lat' dir='ltr'><strong>obfides</strong></span> 
     </span>
     <span class='ocr_line' id='line_1_16' title="bbox 271 2251 1261 2353; baseline -0.002 -27"><span class='ocrx_word' id='word_1_106' title='bbox 271 2253 359 2326; x_wconf 90' lang='lat' dir='ltr'><strong>inter</strong></span> <span class='ocrx_word' id='word_1_107' title='bbox 386 2269 445 2327; x_wconf 84' lang='lat' dir='ltr'><strong>eos</strong></span> <span class='ocrx_word' id='word_1_108' title='bbox 473 2254 609 2328; x_wconf 84' lang='lat' dir='ltr'><strong>dandos</strong></span> <span class='ocrx_word' id='word_1_109' title='bbox 635 2256 805 2341; x_wconf 65' lang='lat' dir='ltr'><strong>curasset}</strong></span> <span class='ocrx_word' id='word_1_110' title='bbox 838 2255 943 2353; x_wconf 90' lang='lat' dir='ltr'><strong>quod·</strong></span> <span class='ocrx_word' id='word_1_111' title='bbox 966 2275 1008 2328; x_wconf 81' lang='lat' dir='ltr'><strong>ea</strong></span> <span class='ocrx_word' id='word_1_112' title='bbox 1035 2251 1157 2328; x_wconf 86' lang='lat' dir='ltr'><strong>omnia</strong></span> <span class='ocrx_word' id='word_1_113' title='bbox 1186 2268 1261 2325; x_wconf 83' lang='lat' dir='ltr'><strong>nou</strong></span> 
     </span>
     <span class='ocr_line' id='line_1_17' title="bbox 233 2363 1260 2467; baseline 0.001 -22"><span class='ocrx_word' id='word_1_114' title='bbox 233 2396 240 2410; x_wconf 80' lang='lat'><strong><em>¹</em></strong></span> <span class='ocrx_word' id='word_1_115' title='bbox 273 2371 383 2445; x_wconf 91' lang='lat' dir='ltr'><strong>modo</strong></span> <span class='ocrx_word' id='word_1_116' title='bbox 399 2363 524 2467; x_wconf 72' lang='lat' dir='ltr'><strong>injuffn</strong></span> <span class='ocrx_word' id='word_1_117' title='bbox 537 2369 596 2445; x_wconf 84' lang='lat' dir='ltr'><strong>suo</strong></span> <span class='ocrx_word' id='word_1_118' title='bbox 615 2377 649 2446; x_wconf 78' lang='grc' dir='ltr'><strong>δι</strong></span> <span class='ocrx_word' id='word_1_119' title='bbox 667 2372 830 2464; x_wconf 88' lang='lat' dir='ltr'><strong>civitatis,</strong></span> <span class='ocrx_word' id='word_1_120' title='bbox 848 2372 907 2447; x_wconf 90' lang='lat' dir='ltr'><strong>sed</strong></span> <span class='ocrx_word' id='word_1_121' title='bbox 920 2371 1024 2446; x_wconf 84' lang='lat' dir='ltr'><strong>etiarn</strong></span> <span class='ocrx_word' id='word_1_122' title='bbox 1036 2371 1260 2462; x_wconf 62' lang='lat' dir='ltr'><strong>inscientibus</strong></span> 
     </span>
     <span class='ocr_line' id='line_1_18' title="bbox 236 2481 1261 2592; baseline 0 -27"><span class='ocrx_word' id='word_1_123' title='bbox 236 2510 238 2514; x_wconf 83' lang='grc'><strong>’</strong></span> <span class='ocrx_word' id='word_1_124' title='bbox 272 2481 524 2589; x_wconf 77' lang='lat' dir='ltr'><strong>ipfis&#39;feciuet;</strong></span> <span class='ocrx_word' id='word_1_125' title='bbox 554 2493 653 2590; x_wconf 92' lang='lat' dir='ltr'><strong>quod</strong></span> <span class='ocrx_word' id='word_1_126' title='bbox 678 2517 699 2567; x_wconf 87' lang='lat' dir='ltr'><strong>a</strong></span> <span class='ocrx_word' id='word_1_127' title='bbox 714 2491 922 2592; x_wconf 84' lang='lat' dir='ltr'><strong>magistratu</strong></span> <span class='ocrx_word' id='word_1_128' title='bbox 937 2489 1140 2580; x_wconf 84' lang='lat' dir='ltr'><strong>AEduorum</strong></span> <span class='ocrx_word' id='word_1_129' title='bbox 1158 2512 1261 2566; x_wconf 87' lang='lat' dir='ltr'><strong>accu-</strong></span> 
     </span>
     <span class='ocr_line' id='line_1_19' title="bbox 272 2609 1261 2710; baseline -0.002 -22"><span class='ocrx_word' id='word_1_130' title='bbox 272 2611 413 2703; x_wconf 86' lang='lat' dir='ltr'><strong>saretur,</strong></span> <span class='ocrx_word' id='word_1_131' title='bbox 440 2609 517 2686; x_wconf 88' lang='lat' dir='ltr'><strong>satis</strong></span> <span class='ocrx_word' id='word_1_132' title='bbox 556 2613 623 2696; x_wconf 82' lang='lat' dir='ltr'><strong>effe</strong></span> <span class='ocrx_word' id='word_1_133' title='bbox 662 2614 786 2689; x_wconf 83' lang='lat' dir='ltr'><strong>cauffae</strong></span> <span class='ocrx_word' id='word_1_134' title='bbox 814 2610 1057 2703; x_wconf 68' lang='lat' dir='ltr'>arbitrabatur,</span> <span class='ocrx_word' id='word_1_135' title='bbox 1086 2625 1196 2710; x_wconf 85' lang='lat' dir='ltr'><strong>quare</strong></span> <span class='ocrx_word' id='word_1_136' title='bbox 1223 2610 1261 2686; x_wconf 89' lang='lat' dir='ltr'><strong>in</strong></span> 
     </span>
     <span class='ocr_line' id='line_1_20' title="bbox 272 2729 1261 2830; baseline 0 -22"><span class='ocrx_word' id='word_1_137' title='bbox 272 2757 356 2808; x_wconf 87' lang='lat' dir='ltr'><strong>eum</strong></span> <span class='ocrx_word' id='word_1_138' title='bbox 371 2749 430 2806; x_wconf 86' lang='lat' dir='ltr'><strong>aut</strong></span> <span class='ocrx_word' id='word_1_139' title='bbox 445 2730 516 2830; x_wconf 87' lang='lat' dir='ltr'><strong>ipse</strong></span> <span class='ocrx_word' id='word_1_140' title='bbox 538 2729 841 2826; x_wconf 81' lang='lat' dir='ltr'><strong>animadverteret,</strong></span> <span class='ocrx_word' id='word_1_141' title='bbox 868 2753 928 2810; x_wconf 91' lang='lat' dir='ltr'><strong>aut</strong></span> <span class='ocrx_word' id='word_1_142' title='bbox 950 2731 1128 2809; x_wconf 85' lang='lat' dir='ltr'><strong>civitatem</strong></span> <span class='ocrx_word' id='word_1_143' title='bbox 1148 2731 1261 2808; x_wconf 88' lang='lat' dir='ltr'><strong>anim-</strong></span> 
     </span>
     <span class='ocr_line' id='line_1_21' title="bbox 273 2849 1260 2951; baseline 0.001 -25"><span class='ocrx_word' id='word_1_144' title='bbox 273 2852 451 2926; x_wconf 86' lang='lat' dir='ltr'><strong>advertere</strong></span> <span class='ocrx_word' id='word_1_145' title='bbox 471 2849 622 2951; x_wconf 86' lang='lat' dir='ltr'><strong>juberet.</strong></span> <span class='ocrx_word' id='word_1_146' title='bbox 672 2853 743 2930; x_wconf 86' lang='lat' dir='ltr'><strong>His</strong></span> <span class='ocrx_word' id='word_1_147' title='bbox 757 2853 923 2930; x_wconf 81' lang='lat' dir='ltr'><strong>omnibus</strong></span> <span class='ocrx_word' id='word_1_148' title='bbox 946 2857 1050 2930; x_wconf 90' lang='lat' dir='ltr'><strong>rebus</strong></span> <span class='ocrx_word' id='word_1_149' title='bbox 1067 2879 1179 2930; x_wconf 89' lang='lat' dir='ltr'><strong>unum</strong></span> <span class='ocrx_word' id='word_1_150' title='bbox 1207 2871 1260 2928; x_wconf 86' lang='lat' dir='ltr'><strong>re-</strong></span> 
     </span>
     <span class='ocr_line' id='line_1_22' title="bbox 273 2971 1261 3074; baseline 0.002 -27"><span class='ocrx_word' id='word_1_151' title='bbox 273 2974 469 3073; x_wconf 83' lang='lat' dir='ltr'>pugnabat,</span> <span class='ocrx_word' id='word_1_152' title='bbox 493 2975 591 3073; x_wconf 92' lang='lat' dir='ltr'><strong>quod</strong></span> <span class='ocrx_word' id='word_1_153' title='bbox 607 2975 775 3050; x_wconf 86' lang='lat' dir='ltr'><strong>Divitiaci</strong></span> <span class='ocrx_word' id='word_1_154' title='bbox 798 2971 910 3050; x_wconf 80' lang='lat' dir='ltr'><strong>fratris</strong></span> <span class='ocrx_word' id='word_1_155' title='bbox 932 2973 1111 3052; x_wconf 87' lang='lat' dir='ltr'><strong>summurn</strong></span> <span class='ocrx_word' id='word_1_156' title='bbox 1136 2974 1178 3049; x_wconf 75' lang='lat' dir='ltr'><strong>in&#39;</strong></span> <span class='ocrx_word' id='word_1_157' title='bbox 1196 2999 1261 3074; x_wconf 91' lang='lat' dir='ltr'><strong>po·</strong></span> 
     </span>
     <span class='ocr_line' id='line_1_23' title="bbox 275 3090 1261 3194; baseline 0 -24"><span class='ocrx_word' id='word_1_158' title='bbox 275 3093 401 3194; x_wconf 85' lang='lat' dir='ltr'><strong>pulum</strong></span> <span class='ocrx_word' id='word_1_159' title='bbox 419 3097 626 3172; x_wconf 85' lang='lat' dir='ltr'><strong>Romanum</strong></span> <span class='ocrx_word' id='word_1_160' title='bbox 650 3090 821 3188; x_wconf 90' lang='lat' dir='ltr'><strong>studium,</strong></span> <span class='ocrx_word' id='word_1_161' title='bbox 838 3096 1012 3172; x_wconf 84' lang='lat' dir='ltr'><strong>summam</strong></span> <span class='ocrx_word' id='word_1_162' title='bbox 1030 3095 1067 3170; x_wconf 92' lang='lat' dir='ltr'><strong>in</strong></span> <span class='ocrx_word' id='word_1_163' title='bbox 1084 3095 1118 3173; x_wconf 88' lang='lat' dir='ltr'><strong>se</strong></span> <span class='ocrx_word' id='word_1_164' title='bbox 1135 3098 1261 3174; x_wconf 84' lang='lat' dir='ltr'><strong>volun·</strong></span> 
     </span>
     <span class='ocr_line' id='line_1_24' title="bbox 275 3205 1261 3317; baseline 0.003 -30"><span class='ocrx_word' id='word_1_165' title='bbox 275 3235 398 3308; x_wconf 85' lang='lat' dir='ltr'><strong>tatem,</strong></span> <span class='ocrx_word' id='word_1_166' title='bbox 422 3205 608 3316; x_wconf 84' lang='lat' dir='ltr'><strong>¹egregiam</strong></span> <span class='ocrx_word' id='word_1_167' title='bbox 635 3219 760 3310; x_wconf 88' lang='lat' dir='ltr'><strong>fidem,</strong></span> <span class='ocrx_word' id='word_1_168' title='bbox 780 3215 962 3316; x_wconf 77' lang='lat' dir='ltr'><strong>justitiam,</strong></span> <span class='ocrx_word' id='word_1_169' title='bbox 995 3216 1261 3317; x_wconf 76' lang='lat' dir='ltr'><strong>temperantiam</strong></span> 
     </span>
    </p>
   </div>
   <div class='ocr_carea' id='block_1_3' title="bbox 149 3329 1262 3437">
    <p class='ocr_par' dir='ltr' id='par_1_4' title="bbox 149 3329 1262 3437">
     <span class='ocr_line' id='line_1_25' title="bbox 149 3329 1262 3437; baseline 0.002 -30"><span class='ocrx_word' id='word_1_170' title='bbox 149 3329 156 3334; x_wconf 75' lang='grc'><em>”</em></span> <span class='ocrx_word' id='word_1_171' title='bbox 276 3337 502 3433; x_wconf 82' lang='lat' dir='ltr'><strong>cognoverat.</strong></span> <span class='ocrx_word' id='word_1_172' title='bbox 537 3339 649 3430; x_wconf 82' lang='lat' dir='ltr'><strong>Nam,</strong></span> <span class='ocrx_word' id='word_1_173' title='bbox 672 3363 717 3412; x_wconf 90' lang='lat' dir='ltr'><strong>ne</strong></span> <span class='ocrx_word' id='word_1_174' title='bbox 734 3334 807 3435; x_wconf 87' lang='lat' dir='ltr'><strong>ejus</strong></span> <span class='ocrx_word' id='word_1_175' title='bbox 823 3337 995 3437; x_wconf 86' lang='lat' dir='ltr'><strong>subplicio</strong></span> <span class='ocrx_word' id='word_1_176' title='bbox 1004 3335 1168 3413; x_wconf 85' lang='lat' dir='ltr'><strong>Divitiaci</strong></span> <span class='ocrx_word' id='word_1_177' title='bbox 1189 3334 1262 3409; x_wconf 87' lang='lat' dir='ltr'><strong>ani·</strong></span> 
     </span>
    </p>
   </div>
   <div class='ocr_carea' id='block_1_4' title="bbox 275 3455 1263 3802">
    <p class='ocr_par' dir='ltr' id='par_1_5' title="bbox 275 3455 1263 3802">
     <span class='ocr_line' id='line_1_26' title="bbox 275 3455 1263 3558; baseline 0.002 -30"><span class='ocrx_word' id='word_1_178' title='bbox 275 3481 377 3530; x_wconf 88' lang='lat' dir='ltr'><strong>mum</strong></span> <span class='ocrx_word' id='word_1_179' title='bbox 393 3455 610 3550; x_wconf 84' lang='lat' dir='ltr'><strong>obfendetet,</strong></span> <span class='ocrx_word' id='word_1_180' title='bbox 634 3462 832 3554; x_wconf 58' lang='lat' dir='ltr'><strong>verebatur.</strong></span> <span class='ocrx_word' id='word_1_181' title='bbox 881 3461 1018 3558; x_wconf 86' lang='lat' dir='ltr'><strong>Itaque,</strong></span> <span class='ocrx_word' id='word_1_182' title='bbox 1045 3459 1263 3558; x_wconf 80' lang='lat' dir='ltr'><strong>priusquam</strong></span> 
     </span>
     <span class='ocr_line' id='line_1_27' title="bbox 276 3574 1261 3676; baseline 0.002 -26"><span class='ocrx_word' id='word_1_183' title='bbox 276 3574 473 3674; x_wconf 82' lang='lat' dir='ltr'><strong>quidquam</strong></span> <span class='ocrx_word' id='word_1_184' title='bbox 496 3597 693 3671; x_wconf 80' lang='lat' dir='ltr'><strong>conaretur,</strong></span> <span class='ocrx_word' id='word_1_185' title='bbox 718 3579 939 3654; x_wconf 87' lang='lat' dir='ltr'><strong>Divitiacum</strong></span> <span class='ocrx_word' id='word_1_186' title='bbox 956 3581 1001 3657; x_wconf 85' lang='lat' dir='ltr'><strong>ad</strong></span> <span class='ocrx_word' id='word_1_187' title='bbox 1025 3579 1059 3654; x_wconf 89' lang='lat' dir='ltr'><strong>se</strong></span> <span class='ocrx_word' id='word_1_188' title='bbox 1075 3576 1193 3654; x_wconf 81' lang='lat' dir='ltr'><strong>vocari</strong></span> <span class='ocrx_word' id='word_1_189' title='bbox 1202 3575 1261 3676; x_wconf 78' lang='lat' dir='ltr'><strong>ju-</strong></span> 
     </span>
     <span class='ocr_line' id='line_1_28' title="bbox 275 3697 1260 3802; baseline 0.003 -32"><span class='ocrx_word' id='word_1_190' title='bbox 275 3697 349 3788; x_wconf 90' lang='lat' dir='ltr'><strong>bet,</strong></span> <span class='ocrx_word' id='word_1_191' title='bbox 378 3699 428 3789; x_wconf 72' lang='lat' dir='ltr'><strong>tc,</strong></span> <span class='ocrx_word' id='word_1_192' title='bbox 453 3698 667 3798; x_wconf 86' lang='lat' dir='ltr'><strong>quotidianis</strong></span> <span class='ocrx_word' id='word_1_193' title='bbox 685 3699 929 3802; x_wconf 86' lang='lat' dir='ltr'><strong>interpretibus</strong></span> <span class='ocrx_word' id='word_1_194' title='bbox 950 3700 1109 3792; x_wconf 75' lang='lat' dir='ltr'><strong>remotis,</strong></span> <span class='ocrx_word' id='word_1_195' title='bbox 1131 3722 1194 3801; x_wconf 87' lang='lat' dir='ltr'><strong>per</strong></span> <span class='ocrx_word' id='word_1_196' title='bbox 1217 3697 1260 3774; x_wconf 90' lang='lat' dir='ltr'><strong>C.</strong></span> 
     </span>
    </p>
   </div>
   <div class='ocr_carea' id='block_1_5' title="bbox 0 0 1482 4750">
    <p class='ocr_par' dir='ltr' id='par_1_6' title="bbox 0 0 1482 4750">
     <span class='ocr_line' id='line_1_29' title="bbox 0 0 1482 4750; baseline 0 0"><span class='ocrx_word' id='word_1_197' title='bbox 0 0 1482 4750; x_wconf 95' lang='lat' dir='ltr'><strong> </strong></span> 
     </span>
    </p>
   </div>
  </div>
 </body>
</html>
