2866 4754
391 432 441 483 nr
464 412 594 484 Bruto
619 409 807 487 Garrrco
832 409 925 484 Lrn.
942 411 987 483 V.
1107 433 1122 484 ι
1128 433 1178 512 59

199 607 302 681 querc
317 605 511 683 cogeretur.
524 669 530 676 ‚
560 583 690 660 Omnia
704 579 959 681 excogitantur,
984 603 1093 676 quare
1109 605 1181 656 nec

200 704 268 794 fine
294 704 447 804 periculo
471 695 664 795 maneatur,
688 706 722 778 a
747 704 919 800 languore
946 699 1112 792 militum,
1139 705 1177 776 dr

200 821 327 923 rigiliis
356 825 548 923 periculum
574 844 752 924 augeatur.
801 822 920 896 Prima
947 821 1025 896 luce
1053 825 1098 896 stc
1129 847 1176 898 ex

196 943 309 1036 castris
333 944 687 1042 proficiscuntur,'ut,
715 942 843 1041 quibus
864 943 947 1016 effer
963 940 1175 1038 persuasum,

196 1051 267 1138 non
280 1067 326 1139 ab
337 1065 450 1155 hoste,
464 1065 522 1150 sed
533 1067 580 1140 ab
590 1063 736 1150 homine
752 1061 953 1136 amiciffimo
967 1062 1177 1164 Ambiorige

195 1185 375 1258 consilium
392 1187 531 1274 datum,
556 1181 755 1282 longilllrno
770 1181 927 1280 agmine,
948 1181 1179 1282 maximisque

194 1301 459 1400 inpedimentis.

240 1424 398 1524 XXXII,
415 1428 466 1497 At
479 1421 604 1515 hostes,
617 1417 735 1521 postea
747 1446 911 1520 quamex
923 1423 1092 1496 nocturno
1108 1419 1194 1497 fre-s

194 1541 297 1631 mitu,
323 1541 518 1642 vigiliisque
535 1543 581 1615 de
607 1541 823 1640 profectione
845 1566 967 1616 eorum
987 1539 1178 1637 senserunt,

193 1661 383 1737 conlocatis
398 1661 527 1738 infidiis
543 1661 760 1762 bipartitoin
777 1661 879 1754 silvis,
907 1665 1107 1762 obportuno
1122 1685 1174 1739 at-

194 1807 263 1879 quc
291 1776 430 1861 occulto
453 1785 547 1873 loco,
573 1810 594 1858 a
621 1784 762 1860 milibus
790 1786 949 1882 passuum
972 1784 1106 1861 circiter
1136 1773 1184 1860 η’

194 1903 439 2004 Romanorum
467 1905 670 1996 adventum¹
685 1902 955 1999 exspectabant:
982 1908 1032 1992 δι,
1063 1929 1175 2001 quum

195 2009 452 2120 semajorpars
477 2021 625 2122 agminia
646 2022 682 2096 in
705 2025 874 2120 magnam
891 2023 1088 2096 convallem
1112 2023 1176 2098 de·

194 2121 358 2229 tnififfet,
385 2159 432 2238 ejx
448 2139 607 2240 utraque
636 2161 736 2239 parte
771 2139 844 2239 ejus
871 2141 971 2216 vallis
999 2139 1114 2218 subito
1141 2142 1176 2218 se

195 2235 447 2360 ostenderunt:
488 2261 754 2359 novissimosque
778 2285 949 2360 premere,
982 2266 1017 2336 ὅτ
1044 2262 1176 2362 primos

196 2349 382 2478 prohibere
408 2379 581 2473 adscensu,
606 2402 710 2480 atquc
728 2381 935 2480 iniquissimo
958 2383 1077 2462 nostris
1093 2385 1173 2514 lpco

195 2499 388 2600 proelium
376 2513 595 2576 committere
607 2523 802 2602 coepcrunt
908 2570 912 2584 „

241 2617 416 2700 xxxm
441 2623 541 2698 Tum
565 2625 710 2716 demum
727 2624 898 2714 Titurius,
930 2643 970 2698 ut
998 2622 1061 2723 qui
1083 2621 1173 2697 nihil

193 2761 290 2818 ante
298 2743 516 2840 providisset,
542 2745 728 2846 trepidare,
756 2745 970 2838 concursare,
999 2742 1172 2841 cohortes·

194 2888 265 2963 que
270 2859 495 2978 disponere:
524 2867 732 2942 laetamen
754 2866 826 2966 ipsa
849 2865 985 2957 timide,
1010 2873 1117 2964 atquc
1131 2882 1174 2940 ut

194 3009 278 3060 eum
293 2983 414 3060 omnia
429 2985 579 3058 delicere
597 2984 816 3059 viderentur:
843 2987 941 3083 quod
966 2971 1174 3083 plerumque

193 3104 234 3182 iis
251 3102 407 3178 accidere
423 3101 616 3195 consucvit,
649 3103 709 3201 qui
739 3104 776 3178 in
799 3103 876 3202 ipso
904 3105 1046 3202 negotio
1063 3105 1173 3177 consr'-
1182 3109 1188 3156 Γ
1215 3178 1217 3188 ,

196 3226 286 3314 lium
303 3247 428 3322 capere
455 3242 637 3321 eoguntuu
688 3228 739 3298 At
755 3224 872 3314 Cotta,
899 3222 1172 3320 quicogitallet,

195 3347 273 3420 haec
291 3343 440 3444 possein
455 3341 574 3416 itincre
589 3341 759 3436 accidere,
788 3329 892 3440 atque
912 3343 961 3415 ob
983 3367 1059 3416 cam
1078 3340 1172 3416 caus·

196 3465 268 3542 sam
297 3462 520 3564 profectionis
545 3462 766 3549 autiornon
792 3461 919 3555 fuiffet,
946 3453 1042 3538 nulla
1070 3463 1106 3537 in
1135 3489 1176 3538 re
1252 3543 1254 3550 Α

198 3576 379 3674 communi
396 3584 494 3661 saluti
505 3585 642 3676 decrat,
671 3589 721 3676 δι,
743 3586 780 3660 in
805 3585 1019 3685 adpellandis
1047 3587 1181 3661 cohor?

197 3702 375 3808 tandi'sque
401 3705 584 3801 militibus,
617 3705 830 3808 imperpto‘ris
841 3735 855 3794 3
889 3710 938 3800 δι,
970 3706 1008 3782 in
1038 3707 1182 3807 pugna,
