2866 4754
225 491 228 500 Ι
277 403 345 500 13⁶
539 397 582 476 C
607 397 748 496 Juurt
772 396 987 514 Cincaris

271 571 461 653 armandas
492 527 614 665 bavai,
650 589 699 650 err
730 543 905 671 Hispania¹
933 571 1121 670 adportari
1142 565 1265 676 jubet

271 691 361 793 Ipse,
400 692 633 769 conventibus
666 691 791 767 Galliae
824 691 990 768 citerioris
1023 695 1265 791 peractis,in
1263 729 1297 746 ··

270 814 450 912 Illyricum
466 813 709 913 proficiscitur,
738 813 835 912 quod
862 811 1043 889 a'Pirustis
1068 803 1267 896 finitimam

270 957 406 1037 partem
432 934 620 1036 provinciae
649 934 903 1013 incursionibus
927 935 1053 1014 vastari
1079 936 1265 1014 audiebat.

272 1061 329 1136 Eo
357 1083 469 1156 quum
497 1055 654 1146 venisset,
693 1054 894 1130 civitatibus
926 1055 1093 1172 milites
1084 1077 1265 1158 impetam

270 1198 476 1290 certumque
508 1177 547 1252 in
578 1178 696 1251 locum
729 1175 954 1283 convenire]
939 1175 1053 1280 jubet
1104 1177 1193 1277 Qa
1227 1205 1267 1253 re

268 1291 462 1391 nunciala,
476 1297 632 1372 Pirustae
653 1299 783 1396 le'gatos
811 1298 857 1372 ad
889 1303 974 1374 e'um
981 1277 1164 1392 mittunt,
1198 1299 1263 1397 qui

269 1421 432 1509 doceant,
471 1425 499 1462 “
524 1418 611 1492 nihil
639 1441 758 1493 earum
787 1443 906 1499 rerum
945 1419 1091 1516 publico
1121 1419 1264 1496 factum

271 1549 299 1588 “
317 1533 483 1621 confilioz
523 1536 661 1636 seseque
695 1535 830 1637 paratbs
854 1539 958 1623 ·clle'’
1000 1539 1262 1632 demonstrant,

272 1669 300 1709 “
319 1661 484 1758 omnibus
502 1640 695 1738 rationibus
710 1661 756 1734 de
772 1657 903 1757 injuriis
913 1656 1138 1735 satisfacere?
1181 1667 1263 1739 Ac·

270 1802 379 1880 cepta
388 1781 542 1856 oracione
558 1805 694 1872 eorum,
707 1779 832 1855 'Caesar
843 1781 978 1856 obfides
993 1781 1157 1879 imperat,
1181 1782 1261 1882 eof-

271 1928 342 2002 qus
358 1905 403 1978 ad
419 1925 552 1978 certam
578 1902 683 1978 diem
698 1901 828 1976 adduci
847 1899 972 1999 jubet:
1003 1901 1064 1977 nisr
1090 1901 1139 1986 ita
1164 1880 1273 1979 fece-⁸

268 2025 352 2117 rint,
377 2023 444 2100 sose
473 2025 568 2099 bello'
593 2023 770 2132 ciuitatem
800 2021 1076 2121 persecuturum,
1103 2023 1259 2120 demon·

203 2219 205 2224 .
268 2146 362 2224 strat.
389 2143 485 2220 -His
518 2145 563 2220 ad
590 2145 688 2220 diem
720 2144 893 2237 adductis,
933 2165 975 2222 ut
1009 2144 1260 2243 imperaverat,

221 2345 223 2352 ,
269 2265 453 2346 arbitros
444 2286 534 2340 rnter
563 2265 722 2341 civitates
749 2267 825 2359 dat,
854 2266 916 2366 qui
942 2265 1042 2342 litem
1069 2265 1261 2358 estiment,

269 2411 485 2485 poenamque
498 2386 724 2464 constituent
1153 2453 1164 2462 t

317 2509 364 2584 Il
390 2505 461 2582 His
492 2504 658 2580 confectis
690 2507 807 2596 rebus,
842 2465 1164 2606 conventibusque
1174 2535 1259 2608 per·

267 2629 401 2720 nilis,
390 2653 428 2701 m
445 2625 637 2701 citeriorem
659 2619 813 2700 Galliam
828 2625 1025 2716 revertitur,
1050 2645 1155 2727 atquc
1170 2629 1259 2707 inde

266 2746 523 2822 adexercitum
539 2746 774 2845 proficiscitur·
812 2748 868 2820 Eo
885 2771 999 2846 quum
1010 2746 1168 2841 venillet,
1187 2750 1258 2826 cir.

268 2867 371 2944 cuitis
386 2851 551 2942 omnibus
568 2865 736 2960 hibernis,
762 2866 925 2968 lingulati
941 2867 1097 2960 militum
1120 2869 1256 2967 studio,

268 2989 306 3063 in
322 2988 460 3064 summa
481 2989 643 3082 omnium
654 3011 776 3074 ¹reruni
792 2987 926 3090 inopia,
950 2988 1087 3072 circiter
1106 2991 1256 3093 noejus

200 3163 202 3168 .
270 3109 422 3211 generis,
452 3108 551 3209 cujus
576 3109 679 3210 supra
702 3109 1032 3204 demonstravimus,
1054 3136 1185 3207 naves,
1218 3119 1255 3190 dr

270 3230 394 3333 longas
423 3231 698 3314 xxrrxinvcnit
712 3230 923 3330 -insttucias,
956 3257 1072 3333 noque
1099 3236 1254 3310 multum

269 3356 383 3438 rbeffe
409 3357 456 3428 ab
473 3379 530 3448 eo,
559 3352 647 3453 quin
673 3341 796 3452 paucis
811 3355 937 3430 diebus
954 3353 1083 3430 deduci
1106 3357 1252 3452 pudent.

266 3474 496 3550 -Conlaudatis
512 3473 695 3563 militibus,
720 3493 827 3573 atque
844 3472 900 3569 iis,
926 3474 987 3574 qui
1003 3474 1147 3575 negotio
1163 3501 1251 3574 με.

269 3593 419 3686 fuerant,
444 3593 539 3693 quid.
553 3577 633 3668 lieri
648 3593 744 3682 velit,
767 3594 928 3687 ostendit,
951 3615 1057 3694 atque
1077 3594 1191 3670 omnis
1206 3599 1253 3673 ad

272 3708 414 3827 portum
441 3714 549 3792 ltium
561 3781 567 3788 .
580 3713 768 3816 convenire
791 3711 918 3814 jubet:
962 3741 1034 3819 quo
1052 3740 1128 3801 ex,
1144 3736 1252 3822 portu
