2814 4754
205 747 1111 854 ARGUMENTUM

384 1010 925 1100 L13R1sexn1

279 1133 288 1150 ¹
457 1229 459 1235 ⁴
621 1203 651 1264 D
682 1203 707 1264 E

191 1373 553 1470 BELLo
619 1381 1121 1466 GALLICO.

111 1777 114 1786 .
162 1693 202 1774 I.
223 1611 330 1774 CAE
337 1694 450 1774 SAR
482 1691 648 1802 majorem
678 1694 812 1776 Galba
842 1711 974 1776 matum
995 1689 1148 1803 pravi-

162 1835 270 1932 dans,
301 1833 418 1943 capias
448 1834 619 1944 adauget.
678 1839 735 1918 II.
772 1836 964 1946 Subitoque
981 1835 1150 1943 stebabiis

165 1964 342 2064 Nerviis,
400 1970 474 2050 IV.
496 1968 544 2048 -&
570 1967 765 2048 Senonibus
786 1995 831 2047 ac
855 1964 1082 2047 Carnutibus
1112 1965 1151 2045 in

164 2100 377 2184 deditionem
411 2099 580 2208 acceptis,
634 2101 709 2182 VI.
754 2083 945 2207 Menapios
980 2095 1150 2177 debellat:

166 2231 289 2334 VIII.
327 2251 437 2342 atque
469 2231 607 2313 interea
643 2227 816 2313 Treviros
860 2225 907 2312 T.
948 2228 1149 2312 Labienus.

162 2367 248 2449 IX.
283 2367 411 2477 Castu
431 2363 633 2478 secuudum
667 2365 838 2446 Rhenum
868 2365 1015 2472 trarfit.
1073 2363 1146 2445 XI.

167 2498 346 2608 Instituta
356 2515 429 2609 per
445 2500 651 2607 occafionem
670 2502 931 2580 Germanarum
949 2526 1031 2578 cum
1050 2497 1147 2577 Gal-

164 2633 213 2714 lis
229 2631 423 2731 collatione,
445 2631 566 2743 prima
594 2630 768 2742 descripti
787 2631 914 2712 borum
933 2658 1046 2711 nares
1063 2657 1149 2710 can-

155 2765 444 2879 steetudinesque.
510 2766 668 2848 XXIX.
713 2768 841 2876 Gestar
867 2761 922 2846 ad
944 2763 1147 2859 Eburones,

155 2901 310 3010 frustra
327 2897 477 2998 tentatis
505 2898 650 2993 Suavis,
670 2899 910 2982 convertitur.
969 2895 1147 2978 XXXV.

170 3037 230 3115 At
248 3029 331 3111 dum
353 3048 425 3140 per
443 3057 562 3112 earum
579 3057 686 3137 agras
711 3031 784 3111 late
801 3049 979 3138 vagatur,
1002 3032 1145 3136 Sigam-

170 3163 245 3260 bri,
264 3191 333 3244 nan
346 3165 431 3269 stne
448 3159 543 3241 cade
570 3163 824 3258 Romanarum,
844 3162 962 3270 castra
979 3159 1150 3241 adoriun-

170 3314 263 3378 tur:
319 3295 432 3377 XLI.
460 3291 515 3374 Iis
541 3311 659 3374 tamen
678 3320 746 3372 nan
764 3292 993 3401 expugnatis,
1013 3292 1151 3374 domum
1256 3385 1261 3402 .

170 3444 425 3510 revertuntur.
472 3428 626 3530 XLIV.
657 3425 858 3534 &Casan
879 3425 1031 3536 vastatis
1046 3425 1150 3512 Ebu·

170 3589 298 3644 ranuru
313 3560 429 3670 agris,
447 3559 658 3671 conciliaque
679 3562 842 3670 peretto,
862 3559 901 3642 in
919 3558 1082 3659 Italiam,
1100 3540 1154 3644 ad

172 3691 321 3804 agendas
351 3711 560 3795 conventus,
585 3692 842 3805 proficisttitnr.

621 3825 708 3926 Na
