2866 4754
405 429 456 479 nr
479 407 612 482 Burro
631 407 821 481 Grunrco
845 404 938 480 er.
955 402 1003 482 V.
1133 433 1199 512 ¹³9

164 683 167 692 Ι
244 629 249 636 ·
264 583 308 656 V.
334 582 407 659 His
424 587 529 660 rebus
545 585 752 678 constitutis,
781 583 897 662 Caesar
912 584 958 660 ad
976 604 1120 684 portum
1138 586 1200 662 Iti-

216 729 275 778 um
301 730 385 780 cunr
411 705 605 805 legionibus
634 706 801 805 peruenit.
852 704 907 782 sbi
932 705 1110 806 cognoscit
1136 733 1199 784 rx.

212 851 334 918 neven
361 853 442 925 quae
458 826 495 906 in
512 827 646 905 Meldis
661 827 761 904 fastae
778 848 888 918 erant,
917 827 1119 925 tempestate
1142 855 1198 906 re-

205 943 329 1053 jesias,
355 948 491 1024 cursum
507 971 626 1025 tenere
641 960 713 1024 n'on
742 947 904 1045 potuisse,
935 966 1041 1049 atque
1056 951 1197 1044 eodem,

210 1069 307 1144 unde
334 1089 434 1145 erant
462 1069 641 1170 professae,
670 1069 866 1144 revertisse:
893 1069 1042 1168 reliquas
1064 1092 1198 1170 paratas

208 1190 256 1267 ad
285 1190 543 1290 navigandum,
574 1210 681 1287 atque
705 1188 869 1264 omnibus
891 1191 994 1265 rebus
1020 1190 1198 1270 instruero

208 1309 360 1384 invenit.
411 1311 552 1384 Eodem
568 1309 674 1385 totius
691 1310 815 1384 Galliae
832 1309 1006 1411 equitatus
1018 1313 1196 1405 convenit,

209 1455 362 1506 numero
377 1429 517 1508 milium
531 1455 589 1523 tv,
607 1430 848 1530 principesque
864 1429 1033 1505 omnibus
1050 1457 1096 1506 ex
1112 1431 1197 1510 civi.

208 1551 338 1628 tatibus
349 1580 361 1640 3
385 1577 434 1626 ex
446 1551 573 1652 quibus
585 1576 793 1651 perpaucos,
816 1576 971 1650 quorum
988 1551 1025 1626 in
1037 1550 1072 1628 se
1086 1554 1197 1631 sidem

207 1671 442 1772 perspexerat,
471 1673 666 1772 relinquere
693 1672 730 1746 in
759 1672 891 1768 Gallia,
922 1672 1076 1773 reliquos
1104 1679 1194 1753 obfi-

206 1791 300 1870 dum'
313 1795 392 1869 loco
408 1793 526 1869 secum
542 1793 670 1868 ducere
691 1797 916 1868 decreverat:
943 1795 1056 1892 quod,
1081 1823 1195 1896 quum

206 1914 281 2013 ipse
297 1913 454 2005 abesset,
466 1935 607 1988 motum
623 1911 748 1988 Galliae
764 1917 959 1988 verebatur.

255 2037 319 2110 VI.
345 2038 430 2110 Erat
456 2059 637 2109 unacum
662 2032 785 2108 ceteris
810 2032 1012 2108 Dumnorix
1041 2034 1195 2130 AEduus,

203 2157 252 2230 de
270 2181 343 2254 quo
359 2157 406 2229 ab
433 2151 651 2258 nobissantea
676 2153 812 2228 dissum
830 2154 892 2228 est.
942 2156 1055 2230 Hunc
1079 2153 1196 2232 secum

204 2257 338 2350 lubere
350 2273 390 2348 ‘in
406 2273 529 2373 primis
544 2273 777 2365 constituerat,
808 2275 905 2374 quod
921 2300 1004 2350 eum
1025 2274 1195 2376 cupidum

201 2395 324 2474 rerum
340 2421 529 2488 novarum,
554 2395 726 2494 cupidum
747 2396 899 2496 imperii,
930 2397 1051 2497 magni
1068 2397 1192 2492 animi,

201 2545 344 2619 magnae
361 2519 454 2594 inter
468 2519 591 2594 Gallos
602 2516 826 2609 autoritatis,
852 2526 1082 2617 cognoverat.
1119 2521 1192 2595 Ac·

189 2641 350 2718 ‘cedebat
381 2643 466 2733 huc,
506 2640 604 2740 quod
633 2637 710 2740 jam
741 2639 778 2714 in
807 2638 960 2715 concisio
991 2637 1194 2720 AEduorurn

170 2776 177 2787 “
201 2761 406 2838 Dumnorix
422 2761 574 2854 dixerat,
602 2769 630 2806 “
649 2760 722 2836 Sibi
738 2775 760 2834 a
778 2749 914 2836 Caesare
930 2785 1081 2860 regnum
1104 2763 1190 2862 civi-

100 2973 103 2999 ι
202 2889 232 2928 “
248 2882 328 2958 ratis
337 2879 468 2958 deferri
482 2885 518 2956 :”
536 2881 636 2981 quod
651 2881 788 2958 dissum
805 2882 916 2958 AEdui
933 2883 1087 2983 graviter
1103 2884 1191 2960 sere·

200 3001 312 3079 ban't:
338 3027 454 3102 neque
475 2999 668 3092 recusandi,
697 3021 759 3077 aut
774 3003 987 3101 deprecandi
1006 3006 1121 3080 caussa
1139 3005 1189 3077 le-

200 3143 303 3226 gatos
319 3117 366 3197 ad
393 3121 562 3198 Caesarem
587 3119 727 3196 mittere
747 3123 935 3226 audebant.
985 3123 1031 3196 Id
1052 3119 1191 3198 'nuum

199 3271 249 3326 ex·
260 3243 329 3321 suis
345 3238 538 3341 hospitibus
552 3243 667 3316 Caesar
682 3239 907 3341 cognoverat.
948 3244 1013 3316 Ille
1025 3240 1190 3318 omnibus

199 3365 318 3464 primo
336 3362 500 3465 precibus
516 3378 636 3461 petere
662 3361 859 3453 contendit,
887 3380 926 3436 ut
942 3361 979 3436 in
995 3361 1111 3436 Gallia
1134 3387 1187 3440 re·
1230 3406 1234 3417 =

199 3486 433 3587 linqueretur3
451 3483 594 3584 purtim,
606 3485 706 3585 quod
719 3481 870 3560 insuetus
885 3482 1080 3599 navigandi
1090 3507 1188 3562 mate

198 3607 361 3698 timeret3
388 3605 516 3707 partim
531 3607 632 3706 quod
655 3603 883 3706 religionibus
897 3604 966 3682 sese
980 3605 1111 3682 dicerer
1133 3607 1187 3682 in·

199 3721 323 3832 pediri.
372 3726 655 3832 Posteaquamid
672 3726 844 3806 obstinate
859 3715 921 3807 fibi
938 3727 1185 3844 negari‘vidit,
1419 3701 1420 3768 ἶ
