2814 4754
388 425 441 478 uc
464 359 926 481 urrroonneotrn.
942 399 1006 476 VI.
1109 404 1194 504 1892

187 578 252 654 ad.
266 573 400 655 hostem
428 576 602 670 converti,
634 577 818 678 aciemque
840 574 947 676 dirigi
967 571 1097 672 jubetr
1127 578 1177 668 δι,

187 697 314 794 paucis
339 698 467 778 turmis
492 697 647 797 praefidio
674 699 723 775 ad
748 697 988 798 inpedimenta
1017 693 1178 787 dimittis,

182 817 346 918 reliquos
356 817 666 918 equitesadlatera
680 817 844 917 disponit.
871 815 1040 892 Celeriter
1050 813 1175 908 nostri,

183 939 346 1016 clamore
372 938 521 1034 sublato,
550 939 632 1038 pila·
646 939 682 1012 in
708 936 825 1014 hostes
847 935 1054 1014 immittunt.
1103 936 1174 1028 Illi,

182 1057 253 1134 ubi
269 1077 396 1158 prater
413 1060 526 1160 spem,
554 1083 645 1157 quos
671 1057 794 1156 fugere
817 1059 1018 1148 credebant,
1045 1055 1176 1137 infestis

183 1171 313 1280 signin·
331 1179 423 1256 adse
439 1181 489 1255 ire
503 1179 682 1269 viderunt,
694 1177 859 1274 ‚inpetum
875 1178 985 1252 modo
1001 1176 1088 1254 ferre
1104 1203 1176 1254 non

183 1319 379 1396 potuerunt
389 1329 402 1386 ;
436 1325 478 1376 ac
502 1299 618 1399 primo
632 1295 801 1384 concursu
823 1298 860 1372 in
876 1295 1000 1396 fugam
1014 1295 1176 1395 conjecti,

186 1418 372 1518 proximas
388 1419 486 1494 filvas
501 1418 697 1519 petierunt3
726 1445 817 1520 quos
828 1418 1009 1494 Labienus
1025 1417 1178 1516 equitatu

185 1537 415 1631 consectatus,
444 1537 576 1641 riragno
599 1543 749 1630 numero
763 1539 958 1632 interfecto,
986 1538 1177 1639 eompturi·
1318 1541 1320 1548 “

182 1661 258 1736 bus
274 1660 398 1758 captis,
419 1661 544 1760 paucis
573 1661 651 1760 post
677 1662 803 1740 dicbus
829 1660 1008 1738 civitatem
1034 1661 1175 1762 recepit.

185 1781 287 1856 Nam
314 1781 498 1874 Germani,
532 1782 596 1882 qui
625 1783 756 1868 auxilio
781 1781 982 1872 veniebant,
1012 1797 1176 1882 percepto

186 1901 421 1983 Trevirorum
436 1893 537 2001 fuga,
559 1901 627 1976 sese
642 1903 794 1976 domurn
811 1903 1044 1978 contulenrnt.
1080 1904 1176 1980 Cum

187 2018 231 2096 iis
247 2023 436 2122 propinqui
448 2021 699 2112 induciomari,
721 2018 784 2120 qui
799 2017 1005 2096 defectionis
1020 2023 1177 2098 auctores

187 2138 340 2234 fuerant,
366 2142 525 2218 comitati
540 2165 614 2232 eos,
637 2140 842 2226 cxrcivitatc
857 2143 1040 2216 exceffere.
1089 2141 1175 2218 Cin·
1196 2176 1199 2184 ¹

189 2261 358 2360 gctorigi,
383 2287 492 2360 quenr
507 2263 553 2338 ab
575 2259 679 2347 initio
693 2263 909 2361 pcrnranfiffe
926 2260 963 2336 in
971 2261 1097 2340 officio
1109 2260 1175 2340 'dc-

137 2429 140 2436 -
185 2379 471 2476 monstravimus,
508 2380 734 2482 principatus,
767 2402 873 2483 atquc
905 2382 1094 2483 imperium
1126 2385 1176 2462 cst
1210 2429 1217 2442 ·

186 2502 383 2580 traditums

114 2655 116 2662 ·
235 2625 304 2702 IX.
329 2623 458 2718 Cacsar,
487 2625 675 2727 postquam
691 2649 738 2702 ex
753 2625 934 2727 Menapiis
950 2625 988 2702 in
1008 2624 1175 2704 Treviros

104 2779 110 2793 ·
187 2745 298 2837 venit,
320 2746 530 2838 duabusde
554 2750 674 2826 cauffis
695 2749 869 2826 Rhenum
889 2750 1030 2824 tranire
1045 2747 1173 2826 consti·
1305 2770 1310 2780 '

185 2866 264 2942 tuit.
314 2865 479 2965 Qrarum
506 2889 580 2944 crat
612 2871 732 2961 altera,
766 2868 866 2967 quod
894 2867 1025 2944 auxilia
1052 2889 1175 2944 contra

137 3045 141 3052 .
185 2985 221 3060 se
236 2985 389 3060 Treviris
402 2983 599 3074 ‘miserant3
627 2989 748 3078 altera,
777 3013 823 3064 ne
840 2987 1030 3066 Ambiorix
1052 2989 1098 3064 ad
1115 3011 1175 3062 eos

187 3108 539 3202 recepttnnihaberct.
575 3106 649 3182 His
665 3106 855 3182 constitutis
873 3109 991 3198 rebus,
1015 3108 1176 3205 paullum

188 3224 292 3324 supra
308 3249 391 3300 cunt
419 3227 553 3317 locum,
582 3251 656 3324 quo
673 3247 754 3302 ante
780 3226 972 3304 exercitum
989 3225 1173 3304 transdux-

188 3365 275 3436 erat,
293 3341 407 3438 faccrc
422 3364 566 3445 pontem
582 3344 743 3422 instituit.
782 3347 883 3422 Nota
898 3366 1004 3446 atquc
1020 3347 1174 3428 instituta

188 3465 336 3569 rationo,
372 3491 510 3567 magno·
535 3466 707 3544 militum·
722 3467 850 3560 studio,-
884 3467 1004 3567 paucis
1032 3469 1171 3566 diebus,

171 3609 277 3684 'opus
292 3585 451 3686 efficitur.
488 3587 607 3664 Firmo
622 3589 661 3664 in
672 3589 829 3665 Treviris
845 3589 1006 3689 praesrdio
1020 3593 1066 3668 ad
1083 3619 1171 3692 pon·

154 3785 159 3796 ¹
189 3725 261 3784 tenr
282 3705 417 3824 stlido,
443 3703 582 3810 nequis
609 3712 655 3788 ab
674 3709 717 3788 iis
732 3708 847 3790 subito
867 3732 984 3790 motus
998 3711 1168 3799 orireturr
