2850 4752
278 403 350 502 308
621 399 670 474 Α.
707 397 913 474 thru

326 563 448 641 XVII.
471 564 584 664 Qud
601 589 714 666 quum
737 565 895 643 crebrius
917 560 1107 656 accideret,
1129 585 1177 668 ex
1191 589 1271 666 cap·

276 683 354 759 tivo
381 686 540 784 quodam
560 686 735 785 comperit
754 685 882 778 Cesar,
898 685 1086 775 Correum,
1110 685 1271 777 Bellova-

80 841 83 850 ν
210 817 227 834 ·“
258 827 402 880 ¹corum
430 805 578 898 ducem,
613 807 874 882 fortissimorum
907 805 1005 882 milia
1030 829 1077 882 vt
1112 805 1273 904 peditum

275 924 458 1026 delegisse,
495 925 698 1028 equitesque
723 951 770 1002 ex
796 927 897 1003 omni
924 951 1076 1004 numero
1105 949 1153 1018 nt,
1179 950 1274 1026 quot

276 1042 314 1121 in
345 1045 475 1122 insidiis
500 1072 544 1122 eo
575 1049 657 1124 loco
685 1049 897 1138 conlocarat,
933 1072 1045 1146 quem
1072 1047 1110 1150 in
1137 1047 1272 1142 locum,

276 1185 422 1266 propter
438 1166 580 1264 copiam
597 1167 765 1244 fiumenti
784 1194 825 1245 ac
841 1166 979 1268 pabuli,
999 1171 1191 1244 Romanos
1212 1191 1273 1270 pa-
1334 1251 1337 1260 .

275 1277 444 1368 bulatum
460 1286 620 1364 missuros
636 1287 875 1389 suspicaretur.
926 1292 1012 1387 Qto
1028 1285 1177 1388 cognito
1189 1309 1271 1362 con·

278 1405 366 1498 silio,
396 1405 523 1498 Caesar,
547 1408 705 1510 legiones
729 1411 858 1509 plures,
886 1433 995 1508 quam
1012 1407 1158 1500 solebat,
1188 1409 1273 1485 edu-

275 1512 343 1614 cit3
361 1526 646 1626 equitatumque,
661 1554 734 1628 qua
742 1528 993 1606 consuetudine
1009 1526 1272 1628 pabulatoribus

268 1644 414 1723 ¹mittere
441 1646 600 1744 ptaesidia
627 1648 830 1740 consuerat,
848 1646 1043 1747 premittit.
1091 1646 1205 1725 Huic·
1219 1648 1276 1744 iu·¹
1320 1661 1324 1679 ⁵

275 1762 436 1863 terponit
458 1764 590 1840 auxilia
606 1767 694 1842 levis
716 1787 926 1845 armature:
946 1766 1028 1869 ¹ipse
1052 1791 1137 1844 cum
1160 1751 1273 1872 legio·

277 1883 396 1979 nibus,
424 1912 532 1987 quam
549 1887 662 1988 potest
685 1887 857 1980 maxime,
881 1886 1154 1990 adpropinquat.
1201 1873 1204 1876 ¹

328 2010 465 2088 XVIII.
491 2010 626 2086 Hostes
654 2008 693 2084 in
722 2007 852 2084 insidiis
875 2005 1046 2106 dispositi,
1074 2031 1192 2106 quum
1215 2007 1275 2086 fibi

275 2126 485 2236 delegissent
498 2149 667 2232 campum
679 2129 812 2208 adrem
828 2129 1019 2228 gerendam
1035 2153 1109 2208 nou
1124 2128 1277 2228 amplius

279 2267 460 2352 patentem
476 2246 516 2324 in
532 2274 656 2326 omnes
682 2269 800 2349 partes
816 2251 967 2350 paffibus
983 2274 1037 2341 ua,
1064 2248 1156 2324 filvis
1171 2249 1276 2330 undi-

201 2351 204 2358 ¹
278 2391 351 2469 que
366 2368 638 2468 immitissimis,
664 2387 725 2446 aut
740 2369 902 2448 altissimo
918 2357 1276 2462 fluminemunitum,
1408 2403 1409 2472 3

278 2491 379 2566 velut
393 2488 563 2598 indagine
575 2492 671 2567 hunc
683 2489 815 2588 insidiis
832 2489 1152 2566 circumdederunt.
1184 2487 1276 2566 Nos·
1408 2481 1409 2490 ¹

278 2609 337 2702 tri,
371 2612 555 2712 explorato
587 2611 740 2688 hostium
767 2610 928 2703 eonfilio,
957 2611 1005 2686 ad
1038 2608 1277 2712 proeliandum

165 2767 167 2772 ·
278 2717 416 2818 animo,
441 2747 550 2836 atque
565 2730 670 2808 armis
686 2729 811 2826 parati,
834 2755 963 2832 quum,
987 2728 1280 2829 subsequentibus

279 2845 495 2946 legionibus,
523 2849 659 2926 nullam
676 2848 941 2928 dimicationem
968 2849 1185 2944 recusarent,
1204 2868 1277 2928 tur·
1406 2913 1407 2916 n

198 2965 205 2978 '
279 2966 404 3049 metim
431 2967 470 3044 in
487 2993 571 3046 eum
597 2970 721 3049 locum
738 2970 969 3048 devenerunt.
1019 2973 1186 3070 Qtonim
1214 2972 1276 3048 ad·

275 3099 387 3185 uentu
415 3113 529 3190 quum
547 3089 610 3166 fibi
627 3091 780 3168 Correus
803 3091 960 3168 oblatam
984 3092 1202 3168 occafionem
1227 3087 1276 3170 tei
1405 3167 1406 3170 ,

281 3210 446 3316 gerenda
458 3209 684 3303 existimaret,
702 3211 961 3310 primumcum
973 3209 1094 3311 paucis
1109 3207 1145 3290 se
1159 3208 1277 3290 osten·

279 3331 359 3418 dit;
395 3350 503 3430 atque
535 3331 574 3406 in
605 3330 789 3431 proximas
820 3350 954 3408 turmas
983 3328 1148 3429 inpetum
1181 3327 1275 3408 fecit.
1404 3349 1405 3394 l

280 3449 406 3530 Nostri
422 3447 619 3530 constanter
635 3448 811 3528 incursum
827 3447 1274 3562 sumunmmtomm

133 3593 136 3600 ·
282 3593 399 3670 neque
417 3571 534 3670 plures
559 3569 598 3648 in
620 3594 734 3647 unum
753 3571 875 3646 locum
903 3569 1147 3660 conveniunt3
1176 3565 1276 3670 quod
1403 3657 1404 3662 Ν

283 3681 494 3792 plerumque
520 3689 741 3793 equestribus
757 3690 889 3794 proeliis
914 3716 1030 3792 quum
1046 3697 1193 3796 propter
1212 3684 1275 3768 ali·
