2850 4752
266 417 345 516 -276
505 487 510 492 .
540 416 989 514 C.Jur.11Cre'snrrs
1103 447 1108 452 ·

273 587 303 628 “
321 583 532 660 eminebant.
573 585 686 687 Qrini
708 605 806 662 erant
823 585 963 661 ordines
980 583 1159 684 conjuneti
1176 586 1266 664 inter

273 707 303 747 “
319 703 367 796 se,
391 723 498 804 atque
513 704 697 804 inplicati3
725 732 797 805 quo
814 706 877 806 qui
901 705 1121 796 intraverant,
1147 705 1183 794 se
1199 707 1267 806 ipsi

250 835 254 846 “
273 826 303 865 “
320 823 521 900 acutiffimis
537 824 638 898 vallis
655 824 876 900 induebant:
903 826 969 898 hos
985 817 1119 922 Cip'p'os
1139 827 1266 924 ad'pel-

187 1003 191 1010 .
273 947 303 988 ‘¹
320 941 453 1024 labant.
503 950 600 1018 Ante
615 946 696 1036 hos,
723 944 878 1044 obliquis
904 943 1086 1018 ordinibus
1107 945 1145 1016 in
1161 945 1267 1043 quin-

273 1067 304 1106 “
320 1087 473 1138 cuncenr
489 1063 673 1162 dispofitis,
698 1064 834 1147 scrobes
857 1063 966 1137 trium
990 1062 1029 1136 in
1045 1063 1269 1142 altitudinem

273 1185 303 1228 ‘⁴
321 1180 455 1281 pedum
467 1180 707 1274 fodiebantur,
733 1183 916 1281 paullatim
932 1181 1134 1282 angustiore
1151 1184 1199 1257 ad
1214 1183 1271 1257 in··

275 1303 307 1343 “
324 1301 454 1378 fimum
466 1293 612 1407 fastigio
643 1305 735 1384 Huc
745 1322 871 1377 teretes
886 1300 1170 1399 stipites'feminis
1180 1300 1268 1376 cras·

275 1426 305 1466 “
319 1421 496 1512 -fitudine,
505 1425 555 1498 'ab
569 1421 709 1500 summo
725 1422 893 1520 praeacuti
910 1426 945 1496 δι’
958 1420 1112 1518 praeusti,
1137 1419 1269 1495 demit·

275 1546 306 1590 “
322 1544 506 1628 t'ebantur;
534 1547 584 1616 ita
600 1556 725 1620 utnon
750 1542 900 1640 amplius
922 1539 1042 1639 digitis
1061 1566 1103 1614 tv
1120 1558 1271 1614 exterra
1401 1607 1403 1646 ζ

274 1664 303 1702 “
320 1661 535 1738 eminerent:
555 1663 655 1734 fimul
671 1661 905 1736 confirmandi
920 1658 1162 1747 &stabiliendi
1172 1657 1269 1736 caus-
1401 1655 1402 1708 Ὗ

274 1779 355 1878 “sa
384 1779 509 1880 singuli
531 1761 579 1856 ab
608 1779 735 1872 infimo
757 1779 830 1855 solo
854 1779 961 1877 pedes
986 1783 1080 1854 tersa
1104 1781 1270 1856 exculta«

275 1903 306 1946 “
325 1901 476 1982 bantur:
505 1899 641 1999 reliqua
667 1911 746 2000 pars
762 1899 893 1976 scrobis
909 1899 956 1974 ad
971 1899 1197 1974 occultandas
1215 1899 1269 1972 in.

277 2023 307 2069 “
324 2016 424 2099 fidiae
441 2017 633 2110 viminibus
646 2045 688 2096 ac
701 2017 862 2118 virgultis
876 2019 1108 2118 integebatur.
1147 2015 1271 2117 Hujus

278 2143 306 2182 “
325 2138 461 2238 generis
476 2137 596 2221 ottoni
608 2139 747 2226 ordines
757 2136 871 2231 ducti,
885 2157 1002 2213 ternos
1014 2137 1104 2211 inter
1114 2132 1150 2212 se
1161 2139 1271 2235 pedet

279 2263 310 2310 ‘³
326 2257 509 2338 distabant.
559 2258 603 2332 Id
628 2282 673 2333 ex
692 2257 916 2334 similitudine
934 2256 1027 2336 floris
1043 2255 1184 2334 Lilium
1208 2260 1270 2333 ed-

232 2421 235 2430 ,
276 2383 307 2436 rt
324 2378 510 2478 pellebant.
526 2394 529 2400 “
547 2381 647 2455 Ante
670 2379 747 2454 haec
773 2379 873 2453 taleae
891 2377 1021 2476 pedem
1042 2377 1177 2475 long&
1202 2377 1271 2452 fef*
1401 2403 1402 2470 l

279 2621 310 2666 “
327 2596 631 2716 mediocribusque
643 2615 836 2696 intermilfis
851 2615 981 2714 spatiis,
999 2616 1165 2691 omnibus
1183 2615 1271 2716 locis

279 2739 309 2788 ‘¹
327 2735 594 2824 disserebantur,
623 2759 713 2832 quos
728 2735 896 2809 Stimulos
912 2737 1182 2812 nominabant.”
1295 2729 1299 2736 ’

327 2853 506 2933 Lxxtv,-
518 2852 599 2928 'His
624 2853 729 2932 rebus
744 2851 918 2951 perfodis,
944 2855 1104 2954 regiones
1119 2853 1270 2952 secutus,

278 2997 389 3075 quarn
400 2970 530 3071 potuit,
549 2971 759 3071 aquiffimas
774 2998 839 3074 pro
851 2973 921 3052 loci
933 2993 1071 3066 natura,
1091 3001 1165 3051 xiv
1176 2978 1273 3054 milia

280 3095 441 3195 passuum
457 3093 695 3190 complexus,
708 3101 808 3190 pares
823 3091 975 3196 ejusdem
992 3097 1132 3194 generis
1155 3097 1271 3174 muni

280 3213 406 3306 tiones,
430 3210 581 3294 diversas
597 3214 645 3292 ab.
667 3211 737 3303 his,
761 3214 1114 3294 contraexteriorem
1135 3215 1273 3292 bostem

121 3407 124 3411 .
281 3333 441 3434 perfecit,
467 3349 523 3424 ut,
546 3357 594 3419 ne
609 3357 741 3432 magna
755 3331 902 3430 quidem
916 3334 1158 3426 multitudine,
1185 3336 1275 3420 fiits¹

281 3454 432 3544 accidat,
460 3450 533 3550 ejus
563 3449 721 3544 discessu,
757 3451 995 3528 munitionum
1021 3453 1178 3553 praefidia
1206 3452 1274 3529 cir-

156 3674 159 3680 ¹
282 3572 470 3666 mnfuodr'
496 3572 655 3690 possent:
689 3591 759 3652 neu
785 3594 872 3664 cum
899 3572 1055 3690 periculo
1082 3594 1129 3660 ert
1150 3569 1276 3664 castrii
