2932 4750
242 389 291 484 64
403 443 407 449 .
507 383 951 482 C.Junrrcmsnnrs
1047 471 1049 482 Ι
1131 379 1133 386 ’

240 558 330 634 inter
344 560 467 660 Belgas
491 543 709 652 auctoritatei
733 578 840 660 atque
856 560 1042 636 hominum
1066 564 1225 642 multitu·
1251 573 1253 578 '

240 663 323 755 dine
339 680 533 777 praestabat,
561 706 612 757 uc
630 682 764 757 obfides
781 681 950 781 poposcit.
990 682 1061 758 His
1077 685 1224 778 traditis,

240 799 472 902 omnibusque
488 801 592 876 armis
612 827 658 877 ex
675 801 809 902 oppido
824 803 984 894 conlatis,
1010 806 1056 879 ab
1081 831 1125 880 eo
1146 807 1225 881 loco
1291 823 1293 829 ’
1313 903 1316 907 ⁸

240 922 277 996 in
310 923 396 997 fines
428 923 688 998 Ambianorum
717 923 889 1021 pervenit,
924 925 986 1022 qui
1017 924 1064 1018 se,
1097 925 1226 1026 suaque

240 1042 374 1138 omnia,
399 1045 590 1133 finemora‚
616 1027 838 1120 dediderunt.
882 1047 1017 1120 Eorum
1035 1049 1123 1120 fines
1134 1049 1226 1121 Ner·
1306 1053 1309 1062 '

75 1249 78 1257 ¹
185 1173 189 1182 ‘
241 1163 291 1239 vii
318 1164 569 1264 adtingebant:
599 1189 751 1263 quorum
779 1166 825 1239 de
854 1186 976 1241 natura
1003 1165 1227 1266 moribusque

241 1284 354 1359 Caesa'r
370 1311 485 1383 quum
508 1305 693 1384 quaereret‚
721 1290 766 1362 fic
779 1287 996 1386 reperiebat:
1026 1289 1225 1364 “Nullum

242 1412 270 1448 “
288 1405 424 1479 aditum
440 1403 507 1480 effe
522 1407 567 1480 ad
579 1432 638 1481 eos
651 1407 923 1483 mercatoribus:
948 1409 1037 1484 nihil
1050 1408 1120 1508 pati
1138 1409 1225 1502 vini,

241 1525 571 1624 “reliquarumque
598 1553 726 1618 rerum,
765 1529 810 1602 ad
841 1529 1015 1604 luxuriam
1047 1529 1225 1628 pertinen-

242 1648 391 1740 “¹tium,
417 1644 558 1721 inferri:
587 1651 683 1746 quod
700 1648 740 1722 iis
760 1651 865 1736 ‘rebus
882 1647 1136 1749 relanguescere
1150 1651 1226 1724 ani·

242 1776 368 1842 “mos
396 1767 531 1859 eorum,
558 1774 591 1843 δι
619 1769 751 1843 remitti
780 1769 944 1845 virtutem
968 1769 1224 1846 existimarent:

182 1987 184 1994 y
243 1897 272 1934 “
290 1888 357 1964 esse
379 1888 539 1965 homines
564 1889 667 1979 seros,
691 1916 901 1990 magnaeque
929 1890 1088 1965 virtutis:
1114 1891 1227 1967 incre·

242 2018 270 2056 “
289 2011 411 2112 pitare,
429 2025 540 2110 atque*
551 2010 704 2086 incusare
721 2012 872 2111 reliquos
883 2013 1021 2110 Belgas,
1037 2010 1097 2109 qui
1116 2010 1149 2085 se
1161 2037 1225 2110 po·
1245 2021 1247 2028 ⁴

242 2138 271 2176 “
289 2134 374 2232 pulo
391 2137 558 2208 Romano
574 2130 794 2224 dedidissent,
826 2132 1044 2233 patriamque
1061 2131 1226 2208 virtutem
1254 2131 1256 2148 ‘

242 2261 271 2301 “
292 2253 531 2354 projecissent:
557 2255 777 2343 confirmare,
790 2252 856 2328 sese
869 2279 985 2353 neque
996 2254 1129 2354 legatos
1147 2253 1226 2330 mis·

182 2361 191 2426 ἶ
244 2374 397 2466 “suros,
433 2399 550 2474 neque
574 2376 684 2448 ullam
711 2373 951 2449 conditionem
984 2375 1078 2470 pacis
1103 2400 1226 2474 accep-

243 2503 273 2544 “
290 2499 424 2572 turos.''

291 2619 391 2693 XVI.
416 2617 541 2718 Quum
558 2644 620 2716 per
636 2643 756 2694 eorum
771 2611 857 2691 fines
869 2615 1027 2691 triduum
1045 2615 1110 2689 iter
1129 2614 1224 2690 secis-

215 2755 216 2763 ’
241 2737 289 2814 set
303 2768 315 2826 ;
331 2739 538 2814 ‘inveniebat
555 2765 601 2813 ex
624 2729 788 2837 captivis,
812 2736 930 2812 Sabim
946 2738 1078 2810 flumen
1094 2738 1139 2812 ab
1156 2735 1227 2810 cas·

241 2860 299 2934 tris
315 2858 382 2934 suis
399 2885 471 2934 non
482 2858 633 2958 amplius
651 2859 747 2933 milia
763 2856 922 2957 passuum
939 2883 963 2930 x
980 2857 1114 2931 abesse:
1133 2876 1227 2932 trans

242 2980 278 3056 id
305 2983 437 3056 flurnen
463 2961 577 3054 omnis
601 2979 752 3055 Nervios
776 2976 988 3064 consediffe3
1017 2977 1226 3052 adventum-

242 3127 311 3202 que
336 3100 387 3176 ibi
417 3104 662 3176 Romanorum
690 3098 887 3199 exspenare
913 3125 984 3173 una
1010 3122 1095 3173 cum
1125 3104 1228 3172 Atre·

243 3223 395 3314 batibus,
422 3227 457 3296 sic
473 3222 744 3312 Veromanduis,
768 3219 925 3295 finitimis
939 3217 1019 3294 suis.
1060 3220 1157 3292 Nam
1175 3217 1228 3290 his

242 3341 397 3440 utrisque
421 3341 663 3441 persuaserant,
685 3342 737 3417 uti
764 3343 926 3416 eamdem
941 3341 1027 3415 belli
1052 3337 1229 3423 fortunam

244 3466 494 3562 experirentur.
545 3463 746 3561 Exspeaari
775 3463 883 3537 etiam
913 3463 959 3536 ab
988 3461 1041 3536 his
1065 3460 1227 3535 Aduatu-

244 3607 368 3658 corum
385 3586 518 3683 copias,
538 3605 643 3683 atque
656 3585 724 3657 esse
735 3581 772 3657 in
785 3582 928 3656 itinere:
956 3581 1129 3668 mulieres,
1148 3575 1226 3675 qui-

245 3729 315 3804 que
344 3729 405 3802 per
422 3726 559 3781 aetatenr
587 3706 632 3780 ad
661 3729 821 3804 pugnam
849 3703 990 3780 inutiles
1013 3700 1226 3788 viderentur,
