2814 4754
367 387 418 441 ou
440 365 571 441 Becco
594 359 785 442 Gntmco
809 363 903 444 Lte.
920 367 986 444 VI.
1086 397 1157 475 209

34 583 36 600 ·
165 575 168 578 ·
219 540 382 620 XXXV..
402 545 498 622 Haec
525 543 565 619 in
583 543 749 620 omnibus
775 544 985 625 Eburonum
1002 546 1162 644 partibus
1209 597 1211 608 ·

164 669 402 768 gerohouttir3
419 663 562 766 diesque
577 668 764 768 adpetebat
776 692 856 758 v11,
877 689 986 768 quem
1002 669 1049 742 ad
1065 668 1160 744 diem
1176 683 1180 690 ⁴

161 786 282 864 Caesar
305 789 353 866 ad
373 788 613 888 inpedimenta
637 787 890 889 legionemque
917 789 1046 866 reverti
1072 817 1157 867 con·

159 907 328 986 stituerat.
379 910 469 1003 Hic,
496 930 670 1010 quantum
692 910 729 984 in
754 912 852 986 bello
877 910 1017 988 fortuna
1040 916 1156 1010 poffit,

160 1034 200 1106 δε
229 1050 381 1132 quantos
402 1030 536 1106 adserat
553 1029 662 1123 casus,
688 1029 852 1129 cognosci
881 1033 1005 1129 potuit.
1054 1034 1163 1110 Diffi·

159 1153 258 1251 patio
285 1177 327 1228 ac
345 1152 531 1258 perterritis
554 1152 727 1241 hostibus,
756 1169 797 1224 ut
825 1153 1156 1247 demonstravimus,

147 1264 294 1350 ¹manus
310 1274 507 1364 eratnulla,
534 1299 616 1371 quae
639 1298 784 1372 parvam
801 1273 911 1346 modo
936 1276 1088 1350 caussam
1112 1276 1155 1350 ti·

160 1393 279 1467 moris
295 1391 457 1466 adferret.
490 1395 604 1468 Trans
617 1393 788 1470 Rhenum
803 1396 850 1470 ad
867 1397 1063 1470 Gennenos
1080 1421 1157 1495 per·

150 1512 266 1588 'venit
289 1511 381 1594 fama
396 1514 499 1613 diripi
514 1516 713 1607 Eburones,
741 1535 847 1618 atque
863 1519 956 1592 ultro
971 1500 1094 1592 omnes
1111 1517 1159 1593 ad

161 1635 326 1734 praedom
339 1635 499 1711 evocari.
548 1634 695 1738 Cogunt
719 1640 882 1739 equitum
912 1663 945 1715 11
978 1637 1077 1714 milio
1104 1637 1156 1714 Si·

125 1747 128 1750 ¹
160 1757 319 1857 gambri,
344 1757 498 1857 quisunt
516 1758 668 1856 proximi
686 1761 830 1851 Rheno,
855 1759 1021 1859 aquibus
1036 1783 1156 1859 recep-

159 1897 220 1953 tos
247 1877 409 1978 expsuga
435 1879 681 1954 Tenchtheros
710 1899 817 1977 atque
844 1879 1020 1976 Ufipctes,
1053 1879 1158 1978 supra

102 2061 106 2082 ,
160 1979 387 2076 docuinano?
415 1997 615 2074 Transeunt
631 1999 805 2074 Rhenum
826 1997 989 2090 novibus,
1012 1996 1157 2074 ratibus-

160 2145 253 2220 que,
282 2147 363 2195 xxx
380 2119 526 2196 milibus
543 2121 703 2218 passuum
719 2117 808 2194 infra
823 2144 905 2196 eum
935 2120 1071 2212 locum,
1095 2117 1158 2227 ubi

161 2265 258 2347 pons
288 2259 362 2315 erat
388 2239 611 2339 inpersedtus,
647 2239 926 2340 praefidiumque'
941 2243 993 2316 'ab
1021 2238 1159 2316 Caesare

161 2361 356 2438 relictum:
384 2361 514 2460 primos
526 2362 735 2436 Eburonum
748 2361 835 2438 fines
848 2364 1001 2438 adeunte
1026 2363 1158 2438 multos

101 2465 102 2474 ἵ
161 2509 212 2559 ex
236 2479 324 2582 fuga
346 2481 510 2582 dispersos
535 2482 743 2582 excipiunt:
772 2509 904 2584 magno
927 2482 1062 2584 pecoris
1088 2509 1156 2558 nu-

159 2629 283 2696 merO,
309 2601 407 2704 cujus
433 2601 512 2680 sunt
541 2604 753 2704 cupidissimi
779 2603 929 2696 barbari,
961 2602 1153 2702 potiuntur.

162 2725 309 2802 Inviteti
328 2728 446 2826 preda
459 2728 597 2830 longius
615 2721 821 2827 procedunt.
861 2726 949 2801 Non
961 2727 1025 2800 hos
1038 2727 1154 2824 polus,

85 2864 89 2870 ’
162 2845 202 2922 in
218 2849 315 2923 bello
331 2845 588 2947 latrociniisque
604 2869 719 2940 natos,
744 2875 819 2923 non
838 2849 930 2923 filvae
947 2869 1152 2922 morantur:

162 2967 297 3069 quibus
324 2967 361 3042 in
391 2969 477 3044 locis
503 2972 543 3043 fit
570 2969 697 3060 Caesar,
721 2993 768 3043 ex
794 2967 942 3066 captivis
968 2988 1153 3066 quaeruntt

163 3082 366 3189 profertum
391 3087 531 3187 longius
556 3087 746 3186 reperiunt,
780 3109 998 3186 omnemque
1021 3087 1156 3162 exerciss

165 3228 246 3284 tum
261 3206 440 3284 discessisse
461 3207 691 3308 cognoscunt.
746 3212 868 3305 Atque
891 3207 981 3281 unu's
1003 3233 1048 3280 ex
1075 3231 1157 3308 cap-

164 3329 274 3406 tivis:
304 3336 333 3373 “
350 3330 449 3425 Qrid
477 3331 566 3404 vos'’
588 3327 720 3427 inquit,
757 3334 786 3371 “
811 3331 903 3402 hanc
929 3325 1089 3402 miseram
1115 3355 1157 3404 ac

168 3459 198 3497 “
215 3473 359 3528 tenuem
376 3450 553 3530 sectamini
570 3451 739 3551 predam,
759 3448 887 3548 quibus
903 3447 1072 3548 licetjam
1088 3453 1157 3527 esse
1186 3453 1191 3462 '

172 3579 201 3619 “
219 3553 520 3650 fortunatisfimis'?
567 3570 619 3667 ψ’
655 3571 750 3646 horis
781 3573 1007 3648 Aduatucam
1038 3573 1156 3648 venire
1236 3597 1242 3613 ·

171 3697 201 3738 “
220 3691 386 3794 potestis:
406 3696 478 3772 huc
491 3719 612 3771 omnes
629 3691 705 3768 suas
721 3686 877 3769 fortunus
890 3695 1062 3772 exercitus
1079 3699 1170 3802 Ro·x
1242 3789 1245 3807 Ι

685 3815 714 3888 Ρ
