2932 4750
34 388 39 483 i
400 421 452 472 on
470 397 602 472 Bruto
621 395 809 478 Gnnrrco
834 395 927 484 Lm,
942 395 973 471 1.
1128 423 1177 500 49

32 483 37 693 i
179 541 287 663 jectis
315 565 410 666 pilis,
435 567 637 644 comminus
654 567 777 668 gladiis
794 586 994 666 pugnatum
1013 562 1075 640 cst.
1127 569 1180 640 At

186 686 360 766 Germani
377 690 549 782 celeriter,
578 713 623 764 ex
639 688 889 766 consuetudine
904 687 976 776 sua,
1002 687 1178 788 phalange
1266 729 1270 738 ‚

183 797 295 909 facia,
312 808 449 908 inpetus
465 793 662 909 gladiorum
678 827 914 909 exceperunt.¹
939 807 1084 907 Reperti
1100 805 1178 882 sunt

184 932 389 1028 complures
415 932 522 1006 nostri
539 930 682 1022 milites,
708 930 829 1029 quiin
855 930 1046 1028 phalangas
1070 928 1175 1004 infili-

108 1092 110 1097 ·
183 1071 281 1144 rent,
306 1051 447 1130 &scuta
463 1052 627 1128 manibus
643 1051 864 1143 revellerent,
890 1054 924 1124 δι
936 1050 1082 1148 desuper
1097 1052 1175 1126 vul·

183 1191 359 1252 netarent.
394 1176 535 1272 ‚Qum
565 1172 716 1246 hostium
744 1170 834 1246 acics
859 1195 881 1246 a
909 1169 1040 1246 srnistto
1066 1197 1176 1246 cornu

182 1291 303 1388 pulsa,
329 1312 437 1390 atque
462 1292 498 1364 in
526 1291 648 1391 fugam
670 1290 835 1388 conversa
859 1292 964 1376 effet3
1000 1317 1022 1364 a
1048 1292 1175 1367 dextro

183 1435 303 1486 cornu
331 1414 555 1488 vehementer
585 1412 811 1488 multitudine
842 1411 986 1488 suorum
1023 1411 1176 1487 nostram

183 1531 302 1608 aciem
330 1535 547 1631 premebant.
599 1535 642 1608 ld
670 1560 782 1632 quum
809 1532 1105 1608 animadvertisset
1134 1533 1175 1606 P.

186 1653 329 1728 Crassus
357 1635 569 1745 adolescens,
604 1653 666 1754 qui
694 1655 852 1754 equitatu
879 1675 1040 1754 praerat,
1076 1655 1176 1754 quod

150 1777 153 1784 '
188 1774 385 1878 expeditior
410 1795 496 1866 erat,
523 1800 631 1873 quam
659 1775 711 1867 hi,
735 1777 909 1875 qui'inter
929 1776 1039 1851 aciem
1063 1773 1174 1849 versa·

189 1897 329 1989 bantur,
352 1895 491 1970 tertiam
508 1894 621 1970 aciem
637 1897 874 1971 laborantibus
892 1897 1013 1971 nostris
1028 1893 1176 1971 subsrdio

188 2015 289 2094 mifit.

238 2138 339 2211 LIII.
364 2139 417 2211 Ita
441 2137 611 2234 proelium
628 2135 823 2213 restiturum
846 2133 910 2230 est,
932 2156 1039 2236 atque
1054 2159 1178 2211 omnes

188 2255 307 2330 hostes
326 2275 426 2355 terga
441 2276 633 2350 verterunt,
664 2264 777 2358 neque
802 2257 896 2357 prius
923 2255 1046 2358 fugere
1071 2256 1176 2332 'desti-

187 2396 322 2469 terunt,
352 2403 460 2476 quam
488 2379 533 2452 ad
551 2381 684 2454 flumen
709 2381 877 2456 Rhenum
902 2379 998 2454 milia
1015 2380 1175 2478 passuum

188 2523 293 2575 exeo
319 2499 400 2574 loco
423 2499 558 2576 circiter
575 2499 829 2600 quinquaginta
845 2499 1077 2598 pervenerint.
1120 2501 1176 2577 Ibi

189 2619 366 2717 perpauci,
390 2640 451 2698 aut
474 2619 607 2697 viribus
635 2623 767 2713 confisi,
796 2607 1005 2696 transnatare
1030 2639 1175 2696 conten·
1264 2675 1265 2680 ,

188 2741 339 2828 derunt;
369 2760 443 2832 aut,
467 2741 627 2817 lintribus
648 2742 812 2833 inventis,
836 2741 898 2818 srbi
914 2741 1059 2818 salutem
1075 2767 1174 2842 repe·

189 2882 319 2938 rerunt.
352 2865 410 2938 'ln
436 2863 490 2936 his
524 2860 590 2937 fuit
622 2862 831 2954 Ariovistus,
867 2864 942 2962 qui,
975 2861 1175 2938 naviculam

188 2981 376 3081 deligatam
394 2984 439 3058 ad
455 2983 568 3082 ripam
591 2985 727 3076 nasius,
756 3009 797 3058 ea
815 2981 993 3084 profugit:
1022 2982 1176 3080 reliquos

189 3127 313 3178 omnes
326 3102 500 3181 consecuti
517 3103 650 3204 equites
663 3104 772 3180 nostri
790 3102 1047 3178 interfecerunt.
1083 3105 1176 3176 Duae

188 3221 327 3300 fucmnt
344 3223 512 3298 Ariovisti
524 3249 666 3315 uxores,
684 3250 754 3299 una
765 3227 878 3298 Sueva
895 3224 1051 3324 natione,
1069 3245 1177 3320 quam

188 3345 233 3420 ab
262 3344 373 3418 domo
399 3341 516 3418 secum
545 3345 737 3430 eduxeram
773 3346 880 3419 altera
907 3341 1053 3434 Norica,
1084 3342 1177 3444 regis
1259 3343 1260 3346 ’

189 3463 354 3540 Vocionis
381 3466 489 3556 sotor,
514 3453 624 3564 ¹quam
641 3463 677 3546 in
695 3463 812 3538 Gallia
839 3465 998 3555 duxerat,
1028 3491 1048 3540 a
1074 3463 1176 3541 fratre

190 3584 339 3663 millam.
389 3587 557 3682 Utraque
587 3587 629 3660 in
661 3611 702 3660 ea
733 3583 817 3685 suga
853 3585 1035 3684 periemnt.
1085 3587 1177 3661 Duae

190 3705 269 3782 filiae
299 3708 442 3799 harum,
468 3707 576 3784 altera
598 3705 724 3797 occisa,
754 3708 862 3787 altera
888 3726 990 3810 capta
1019 3707 1081 3782 est.
1130 3707 1173 3781 C.

679 3831 711 3903 E
