2932 4750
220 411 294 508 (56
472 426 487 440 ”
515 402 560 480 C.
587 405 716 501 Jum
742 403 958 480 Cnsnnrs

249 577 310 652 fibi
341 575 525 674 postulare.
574 578 765 658 Suessiones
788 575 866 652 suos
887 561 955 652 effe
971 559 1163 667 finitimus:
1188 577 1243 652 la·'

249 697 405 788 tiffimos,
427 697 715 796 feracisfimosque
730 723 832 797 agros
849 699 1039 796 poffidere:
1071 699 1167 795 apud
1183 722 1242 771 eos

248 814 358 890 fuilse,
382 843 502 916 regem
530 819 646 894 nostra
673 819 779 894 etiam
805 817 977 904 'memoria
1003 817 1240 907 Divitiacum,

248 937 354 1044 totius
383 939 508 1013 Galliae
537 939 834 1037 potentiffimum3
872 941 935 1038 qui
963 965 1075 1038 quum
1102 963 1241 1038 magnae

248 1059 355 1156 partis
372 1061 494 1134 harum
511 1059 709 1158 regionum,
736 1058 813 1136 tum
830 1059 935 1135 etiam
952 1058 1149 1150 Britannia,
1174 1057 1242 1132 im·

150 1217 157 1228 ·
249 1178 384 1274 perium
401 1179 612 1253 obtinuerit:
643 1207 737 1256 nunc
764 1183 832 1254 esse
848 1193 969 1280 regem
986 1182 1162 1254 Galbam:
1196 1180 1242 1254 ad

248 1299 343 1374 hunc
361 1320 505 1398 propter
515 1299 698 1398 justitiam,
718 1284 1023 1399 prudentiamque,
1041 1299 1146 1373 totius
1159 1299 1243 1378 belli

249 1417 425 1494 summam
447 1420 608 1494 omnium
630 1422 814 1496 ‘voluntate
839 1419 965 1496 deferri
982 1402 1003 1494 τ’
1021 1421 1152 1519 oppida
1180 1422 1242 1494 ha-

174 1540 177 1547 “
248 1543 330 1614 bere
345 1565 493 1616 numero
508 1519 594 1626 si113
623 1539 777 1636 polliceri
801 1541 899 1616 milia
921 1560 1051 1615 armata
1067 1539 1244 1638 quinqua-

250 1659 372 1758 ginta:
407 1660 554 1733 totidem
578 1661 747 1752 Nervios,
777 1661 839 1760 qui
871 1662 1028 1738 maxime
1059 1660 1124 1734 feri
1154 1659 1244 1736 inter
1344 1759 1351 1770 Ι

248 1778 339 1879 ipsos
362 1782 565 1871 habeantur,
603 1781 868 1881 lougiffimequo
896 1785 1030 1858 absint:
1067 1807 1131 1856 xv·
1149 1780 1246 1857 milia

103 1949 139 2002 ,⁸
250 1903 458 1980 Atrebatesz
495 1896 692 1994 Ambianos
728 1929 764 1978 x.
803 1901 915 1994 milia,
960 1903 1121 1979 Morinos
1153 1929 1243 1978 xxv.

174 2011 180 2037 ‘
226 2029 229 2040 '
252 2021 374 2104 miliat
395 2021 586 2120 Menapios
604 2049 657 2096 sx.
675 2023 789 2096 milia:
817 2024 958 2099 Caletos
972 2049 1008 2098 x.
1026 2023 1121 2098 milia
1137 2017 1146 2099 t
1174 2024 1244 2097 Ve-

250 2145 392 2219 locaffes
411 2147 444 2216 &
461 2146 726 2220 Veromanduos
742 2144 911 2220 totidem:
940 2147 1146 2221 Aduatucos
1163 2171 1244 2220 x1xt
1288 2227 1296 2238 ⁴

250 2265 371 2372 milia:
398 2265 612 2358 Condrusos‚
632 2269 831 2359 Eburones,
851 2266 1026 2359 Caeraesos‚
1046 2269 1244 2358 Paemanos,
1290 2326 1294 2334 .

251 2384 402 2490 quiuno
420 2383 563 2466 nomine
579 2389 745 2468 Germani
767 2387 1002 2493 adpellantur‚
1032 2384 1185 2461 arbitrari
1200 2387 1246 2462 ad

252 2527 316 2578 xn-
333 2502 442 2581 milla.
879 2516 881 2528 '

299 2627 344 2696 V.
371 2623 484 2714 Caesar
496 2629 631 2730 Remos
648 2629 864 2718 cohortatus,
889 2625 1151 2724 liberaliterque
1164 2651 1241 2701 ora·

249 2744 346 2820 tione
362 2744 576 2843 prosecutus,
597 2773 742 2822 omnem
753 2746 910 2822 senatum
928 2749 975 2821 ad
990 2746 1025 2822 se
1040 2748 1245 2841 convenire,

251 2863 526 2965 principumque
550 2866 676 2943 liberos
700 2869 835 2943 obfides
858 2867 958 2943 adse
985 2866 1117 2944 adduci
1136 2864 1245 2967 junt.
1338 2921 1341 2926 ,

250 2991 343 3086 Qsae
361 2987 481 3062 omnia
498 2991 543 3064 ab
567 2988 621 3063 his
637 2983 833 3088 diligenter
850 2991 896 3064 ad
919 2989 1015 3065 diem
1038 2987 1130 3065 satta
1156 2985 1245 3064 sunt.

252 3107 330 3207 Ipse
351 3107 567 3193 Divitiacum
590 3109 754 3186 AEduum
774 3104 1016 3209 magnoopere'
1031 3111 1248 3203 cohortatus,

211 3279 216 3288 ·
251 3231 371 3322 dotet,
394 3249 528 3330 quanto
544 3254 650 3328 opere
668 3228 889 3330 Reipublicae
906 3221 1172 3334 communisque
1194 3230 1253 3306 saa

251 3349 334 3423 lutis
366 3349 510 3442 interfit,
541 3377 666 3427 manus
693 3349 1050 3449 hostiumdistineri,
1088 3377 1133 3426 ne
1162 3375 1246 3425 curn
1280 3359 1289 3390 ¹

223 3573 224 3576 Ἴ
251 3487 348 3542 tanta
374 3471 601 3548 multitudine
622 3497 695 3548 uno
717 3491 877 3571 ternpore
902 3472 1170 3572 confligendum
1194 3472 1245 3544 fit.

252 3590 296 3664 ld
312 3588 389 3663 fieri
406 3594 515 3688 polle,
536 3596 559 3667 fi
575 3591 652 3666 suas
667 3591 785 3690 copias
803 3589 914 3666 AEdui
930 3592 966 3666 in
982 3594 1068 3667 fines
1083 3589 1245 3665 Bellova-
1271 3643 1273 3653 ,

251 3734 377 3799 corum
408 3709 682 3806 introduxerint,
717 3716 770 3788 &f
793 3735 918 3798 eorum
949 3737 1052 3818 agros
1085 3707 1246 3822 populari
