2814 4754
332 445 385 500 aa
408 423 541 497 Bzaoo
561 422 750 500 Giumco
775 421 868 500 Lut.
885 421 969 498 vn.
1040 393 1044 398 ⁵
1073 441 1162 523 453

143 675 145 680 ,
165 591 269 690 Qae
284 585 547 669 tametfi‘caesar
563 585 801 696 intellegobat,
819 613 953 684 tamen,
972 616 1080 692 quam
1099 589 1165 668 mi·
1219 561 1223 568 ’

162 709 298 790 tiffime
321 713 453 818 potest,
469 715 602 816 legatos
623 717 799 816 adpellat:
828 720 858 759 “
886 713 975 788 nihil
990 710 1038 803 se,
1057 737 1167 812 prop-

163 837 196 876 “
217 850 271 906 ter
288 827 503 911 inscieittiam
532 835 782 935 levitatemque
806 834 923 936 vulgi,
955 834 1095 934 gravius
1121 835 1167 910 de
1240 905 1243 911 .
1318 905 1322 916 .

166 958 199 997 “
220 947 368 1030 civitate
377 953 550 1056 judicate,
568 981 683 1056 neque
699 954 819 1033 desua
835 951 874 1031 in
895 955 1035 1033 AEduos
1057 957 1164 1030 bene·

165 1076 372 1152 “volentia
404 1077 643 1154 deminuere.”
720 1075 799 1176 lpse
832 1075 1001 1175 majorem
1040 1078 1164 1154 Galliae

162 1217 314 1272 motum
337 1197 553 1296 exspatiant,
572 1222 617 1273 ne
632 1199 678 1273 ab
695 1192 862 1275 omnibus
878 1197 1077 1274 civitatibus
1094 1199 1163 1274 cir·

162 1317 442 1409 cumfisteretur,
471 1311 611 1394 confilia
633 1313 756 1410 iuibat,
786 1319 1092 1418 quemadmodum
1118 1321 1165 1394 ab

103 1457 106 1464 ·
163 1436 356 1540 Gergovia
381 1438 581 1532 discederet,
599 1467 641 1518 ac
667 1437 780 1516 rursus
802 1463 947 1516 omnem
972 1437 1164 1515 exercitum

164 1562 413 1649 contraherem
440 1583 484 1636 ne
502 1557 686 1661 promitio,
705 1583 785 1638 nata
808 1563 855 1638 ab
870 1562 997 1638 timore
1018 1547 1163 1638 defodi·
1185 1639 1193 1648 ,

162 1680 258 1772 onia,
278 1682 396 1759 fimilis
412 1682 505 1784 fugae
522 1679 711 1760 videretur.
1031 1757 1033 1764 Α

218 1803 355 1880 XLIV.
381 1800 475 1878 Hac
493 1805 664 1903 cogitanti
689 1806 847 1880 accidere
862 1804 934 1880 visa
950 1795 999 1880 est
1016 1791 1161 1880 facultas

167 1915 264 1998 bede
279 1923 441 2022 gere-ndae
460 1923 519 1996 rei.
580 1925 679 1998 Nam
701 1949 814 2022 quum
832 1924 968 1998 minora
981 1925 1020 1996 in
1037 1925 1161 2015 eastra,

164 2042 285 2145 operis
317 2033 548 2144 perspiciendi
575 2047 706 2136 cauffa,
732 2033 891 2136 venida,
916 2043 1161 2120 animadvertit

167 2163 395 2262 collem„qui
423 2167 469 2239 ab
492 2166 650 2240 hostibus
678 2155 875 2256 tenebatur,
901 2165 1073 2239 nudatum
1094 2167 1159 2240 ho-

163 2283 336 2377 minibus,
354 2284 417 2384 qui
433 2285 668 2384 superioribus
684 2285 810 2361 diebus
826 2284 889 2360 vix
908 2311 988 2385 praa
998 2286 1158 2364 multitu·

160 2406 248 2482 dine
274 2403 370 2482 cerni
395 2423 543 2505 poterat.
593 2406 811 2498 Admiratus,
831 2407 1023 2506 quarit'ex
1041 2407 1157 2506 perfu-

163 2527 218 2628 gis
236 2517 402 2620 caussam,
418 2553 571 2630 quorum
589 2553 738 2628 magnus
755 2531 898 2604 adeum
915 2529 1075 2627 quotidie
1091 2555 1157 2604 nu·
1251 2603 1252 2611 ,

163 2671 279 2724 merus
304 2652 516 2726 confluebat.
567 2649 755 2726 Constabat
782 2639 875 2725 inter
898 2634 1035 2742 omues,
1059 2649 1163 2750 quod

156 2765 232 2868 jam
249 2769 323 2870 ipse
347 2768 462 2858 Casar
483 2797 547 2871 per
562 2757 801 2871 exploratores
825 2791 1055 2872 cognoverat,
1073 2773 1158 2847 dor·
1216 2864 1218 2875 A

160 2888 238 2964 sum
254 2891 322 2964 effe
339 2889 413 2990 ejus
434 2890 514 2991 jugi
533 2917 644 2990 prope
661 2883 818 2993 aequum,
843 2879 906 2969 sed
932 2893 1094 2984 filvestre,
1122 2897 1157 2968 dc
1232 2975 1237 2982 ,

162 3003 367 3109 angustum,
385 3034 457 3110 qua
473 3013 555 3086 effet
573 3011 687 3086 aditus
710 3015 757 3087 ad
773 3016 919 3088 alteram
936 3013 1062 3112 oppidi
1077 3037 1155 3110 par-

162 3152 260 3206 tem:
288 3129 372 3204 huic
396 3133 476 3206 loco
494 3119 720 3206 vehemeuter
736 3133 815 3207 illos
832 3133 967 3226 timere,
995 3117 1061 3208 nec
1079 3133 1157 3234 jam

162 3252 263 3328 aliter
280 3250 417 3344 sentire,
440 3237 514 3326 uuo
529 3253 621 3329 colle
644 3255 692 3326 ab
717 3254 892 3330 Romanis
919 3273 1106 3353 occupato,
1133 3257 1156 3330 fi

159 3375 313 3448 alterum
329 3361 527 3466 amififfent,
541 3359 631 3475 quio
646 3399 751 3473 pane
763 3373 1032 3467 circumvallati,
1051 3395 1157 3476 atque

163 3493 261 3568 omni
290 3494 389 3570 exitu
417 3499 452 3570 δι
481 3495 705 3595 pabulatione
728 3479 903 3572 inteiclufi
932 3489 1153 3575 viderentur:

164 3617 209 3688 ad
226 3617 322 3691 hunc
337 3616 570 3698 muniendum
587 3619 706 3694 locum
725 3635 849 3694 omnes
878 3645 900 3694 a
924 3620 1153 3724 Vercingeto-

163 3759 236 3834 rige
253 3757 428 3814 evocatos.
