2866 4754
382 419 383 428 Ν
415 404 466 469 nn
490 386 622 470 Brenno
642 385 831 466 Gannrco
856 383 950 460 Lm.
966 385 1030 460 III.
1171 391 1214 490 87

232 576 384 655 quamn
408 541 598 658 majoribus'
621 577 840 658 acceperant,
867 581 1082 656 permanere,
1109 581 1218 656 quam

227 681 480 772 ‚Romanorum
497 680 697 772 servitutem
715 679 881 780 perferre,
906 680 1063 754 mallent.
1106 678 1217 756 Omni

224 825 289 875 ora
315 800 489 878 maritima
504 802 672 886 ,celeriter
697 803 744 878 ad
772 800 869 878 suam
902 797 1107 881 sententiam
1136 826 1215 900 per-

225 921 349 1014 dusta,
367 948 595 998 communem
611 922 826 1024 legationem
842 923 887 996 ad
904 921 1117 1008 ueratrum
1134 921 1217 996 mit-

222 1061 321 1142 tunt,
348 1048 418 1120 “fi
448 1044 532 1120 velit
551 1044 630 1126 suos
657 1043 821 1141 recipere,
847 1042 981 1116 obfides
1009 1041 1070 1118 libi
1096 1041 1215 1123 remit-

229 1168 260 1207 “
276 1165 364 1238 tat.”
882 1147 884 1152 ’

207 1383 209 1386 ¹
252 1299 263 1334 ⁵
278 1285 347 1358 IX.
372 1283 511 1378 Quibus
527 1283 573 1358 de
601 1285 706 1358 rebus
729 1277 843 1368 Caesar
871 1279 917 1358 ab
945 1281 1064 1358 craffo
1092 1282 1217 1358 certior

121 1409 126 1428 ¹
227 1399 356 1492 fanus,
392 1405 491 1501 quod
516 1403 587 1504 ipse
614 1406 734 1478 aberat
763 1401 916 1502 longius,
943 1426 1048 1490 naves
1077 1401 1219 1478 interim

228 1523 352 1622 longas
368 1520 530 1600 edificari
546 1524 582 1600 in
600 1523 748 1600 flumine
768 1523 905 1624 Ligeri,
932 1524 1030 1624 quod
1047 1523 1164 1600 influit
1179 1524 1218 1600 in

224 1643 426 1736 Oceanum,
464 1645 612 1746 remiges
638 1671 684 1722 ex
712 1644 891 1746 provincia
917 1644 1065 1737 institui,
1093 1665 1215 1722 nautas

225 1764 762 1865 gubernatoresque·comparari
782 1764 895 1866 jubet.
944 1765 1016 1842 His
1032 1768 1135 1842 rebus
1158 1792 1215 1842 ce·

227 1883 343 1974 leriter
358 1886 617 1978 administratis,
644 1887 728 1985 ipse,
755 1913 869 1986 quum
888 1885 1042 1983 primum
1059 1912 1120 1984 per
1136 1887 1219 1962 anni

227 2023 367 2104 tempus
386 2006 513 2105 potuit,
540 2008 586 2081 ad
610 2007 814 2082 exercitum
829 2005 1026 2081 contendit.
1075 2006 1216 2099 Veneti,

227 2125 444 2225 reliquaeque
460 2127 545 2200 item
558 2125 728 2217 civitates,
747 2126 888 2226 cognito
896 2122 1039 2200 casaris
1051 2126 1219 2218 adventu,

229 2248 333 2334 stmul
362 2247 475 2344 quod,
503 2247 741 2344 quantumin
773 2246 806 2320 se
833 2245 966 2328 facinus
994 2246 1218 2338 admisrlsent,

227 2368 495 2466 intellegebant,
540 2369 686 2466 legatos,
725 2368 822 2466 quod
851 2391 983 2440 nomen
1016 2367 1062 2440 ad
1094 2391 1219 2442 omnes

226 2487 382 2566 nationes
401 2571 402 2574 Ἴ
421 2487 577 2563 sarnum
610 2487 888 2587 inviolatumque
919 2487 1055 2588 semper
1089 2485 1217 2578 suiffet,

228 2628 379 2685 retentos
401 2610 447 2684 ab
462 2607 514 2712 se,
539 2615 572 2685 &
589 2608 628 2684 in
645 2609 784 2696 vincula
809 2606 985 2712 conjetton
999 2636 1010 2696 3
1037 2635 1101 2708 pro
1117 2609 1219 2708 magss

229 2728 390 2806 nitudine
418 2731 561 2830 periculi
591 2733 725 2812 bellum
753 2756 888 2829 parare,
916 2735 950 2808 δε
979 2730 1134 2808 maxime
1161 2755 1217 2821 ea,

232 2876 311 2950 quae
326 2852 372 2939 ad
397 2837 499 2927 usum
524 2852 671 2928 navium
696 2851 885 2951 pertinent,
913 2849 1095 2950 providere
1120 2851 1217 2926 insti·

224 2989 350 3062 tuunt,
376 2975 445 3049 hoc
462 2970 592 3072 majore
609 2971 682 3072 spe,
708 2972 808 3071 quod
823 2973 979 3046 multum
998 2993 1122 3054 natura
1150 2973 1220 3046 loci

206 3089 466 3168 confidebant.
516 3092 696 3168 Pedestria¹
716 3095 784 3166 effe
810 3091 935 3170 itinera
954 3091 1097 3168 concisa
1111 3090 1218 3164 'aestu-

228 3212 324 3304 ariis,
350 3212 615 3312 navigationem
631 3211 826 3308 inpeditam
850 3230 990 3308 propter
1005 3209 1219 3292 inscientiam

187 3331 190 3338 ⁴
229 3333 403 3427 locorum,
421 3333 705 3432 paucitatemque
723 3350 889 3428 portuum
902 3330 1081 3404 sciebant:
1106 3356 1220 3430 neque

187 3533 191 3542 ,
229 3455 363 3530 nostros
375 3446 566 3546 exercitus,
594 3469 736 3552 propter
753 3449 921 3526 frumenti
936 3450 1111 3556 inopiam,
1138 3452 1216 3527 diu-

220 3574 299 3653 'tius
317 3575 412 3674 apud
428 3574 462 3650 se
478 3574 608 3666 morari
626 3575 735 3673 posse,
762 3572 1001 3660 confidebant,
1052 3576 1108 3658 Ac
1124 3571 1216 3671 jam,

113 3771 117 3796 ,
230 3713 270 3770 ut
293 3695 413 3774 omnia
429 3715 550 3772 contra
571 3693 776 3796 opinionem
802 3677 1013 3786 acciderent,
1039 3713 1158 3778 tamen
1185 3693 1218 3767 se
1326 3795 1337 3808 ³

697 3815 781 3907 Ga
