2866 4754
445 407 497 458 na
514 384 646 459 Bruto
663 382 853 460 Gncrtco
876 379 969 458 Lra.
987 379 1053 456 Ill.
1197 409 1240 482 91

247 557 353 632 Cum
367 554 421 633 his
441 557 590 634 navibus
606 557 731 634 nostra
755 559 848 636 elaffi
858 554 1026 658 ejusmodi
1044 558 1247 657 congressus

245 671 333 754 'erat
345 707 357 766 ς
387 698 428 754 ut
444 705 515 754 una
538 678 721 772 celeritate,
755 684 790 756 δε
812 677 913 778 pulsu
937 704 1117 757 remorum
1142 677 1243 776 praes-

255 815 344 874 taret
356 828 368 887 3
396 800 543 899 reliqua,
573 825 638 899 pro
666 799 737 875 loci
754 818 892 891 natura,
920 799 1039 898 provi
1059 798 1243 897 tempesta·

251 939 348 1012 tum,
365 918 432 996 illis
448 922 554 995 ellent
565 920 702 1020 aptiora
717 919 1109 996 &adcommodatiorat
1129 944 1246 1018 neque

255 1041 355 1124 onim
373 1040 426 1116 his
442 1040 564 1116 nostrae
589 1039 700 1114 rostro
721 1064 847 1115 nocere
868 1059 1025 1138 poterant
1036 1069 1048 1128 ;
1079 1043 1194 1137 (tanta
1209 1040 1246 1116 in

253 1162 308 1236 eis
329 1181 402 1238 erat
418 1161 622 1256 firmitudo)
653 1185 767 1258 neque
788 1179 933 1259 propter
949 1159 1169 1238 altitudinem
1192 1158 1244 1236 fa·

255 1282 329 1358 cile
344 1283 455 1357 telum
472 1278 722 1378 adjiciebatut3
748 1285 782 1360 ἃ
799 1282 924 1356 eadem
940 1281 985 1355 de
1002 1282 1115 1355 cauffa
1131 1281 1246 1361 minue

246 1403 453 1478 ‘commode
468 1399 617 1500 scopulis
633 1400 910 1484 continebantur.
953 1401 1171 1492 Accedebat,
1192 1421 1246 1495 ut,

256 1547 374 1620 quum
387 1521 502 1598 saevire
514 1541 637 1598 ventus
653 1523 823 1622 coepiffet,
842 1526 877 1598 dt
893 1521 928 1598 se
940 1543 1046 1598 vento
1059 1521 1245 1614 dedillent,

256 1648 295 1718 δι’
322 1642 564 1742 tempestatem
584 1641 710 1718 ferrent
728 1643 876 1736 facilius,
906 1649 941 1720 de
970 1644 1008 1720 in
1034 1642 1132 1721 vadis
1160 1668 1244 1718 con-

137 1805 142 1811 ·
254 1763 405 1838 sdietent
422 1765 544 1856 tutius,
567 1768 602 1840 δι
630 1767 676 1840 ab
691 1765 777 1842 aestu
792 1765 966 1848 dereliciae
991 1765 1078 1840 nihil
1101 1762 1183 1840 saxa
1208 1769 1243 1842 dt

255 1906 372 1960 cautes
397 1885 581 1960 timerent:
612 1909 764 1984 quarum
791 1911 905 1960 rerum
932 1885 1092 1962 omnium
1121 1879 1245 1960 nostiio

260 2006 406 2080 navibus
423 2003 518 2082 casus
534 2025 633 2080 erant
649 2003 911 2082 extimescendi.

287 2147 289 2151 ’
306 2129 409 2204 XIV.
433 2127 686 2226 Compluribus
705 2125 917 2226 expugnatis
938 2124 1093 2224 oppidis,
1115 2123 1243 2216 Caesar,

256 2247 320 2322 ubi
337 2245 522 2337 intellexit,
545 2244 668 2322 frustm
681 2265 818 2324 tantum
830 2243 987 2322 laborent
1007 2244 1111 2337 sumi,
1129 2271 1245 2344 neque

256 2366 415 2458 hostium
432 2363 555 2467 fugam
582 2367 692 2468 captis
715 2367 855 2468 oppidis
878 2367 1035 2466 reprimi,
1058 2393 1175 2467 neque
1190 2367 1245 2444 his
1298 2451 1300 2460 ‚

255 2489 375 2564 noceri
405 2490 514 2588 polle,
541 2490 656 2566 statuit
672 2488 942 2590 exspeelandam
970 2491 1134 2575 claffem3
1162 2515 1243 2587 quae

254 2609 318 2685 ubi
346 2609 525 2703 convenit,
558 2636 600 2687 ac
631 2611 786 2710 primum
812 2614 858 2688 ab
889 2611 1049 2686 hostibus
1081 2609 1152 2686 visa
1180 2610 1243 2700 est,

256 2730 389 2806 circiter
405 2757 505 2808 ccxx
517 2757 760 2810 naves·eorum
770 2731 1004 2833 paratitfimae,
1022 2750 1129 2830 atque
1144 2731 1243 2808 omni

258 2865 579 2952 genere‘armorum
604 2855 838 2946 ornatiffimae,
863 2851 1028 2954 profecta
1053 2879 1100 2932 ex
1121 2875 1241 2954 portu,

257 2973 380 3049 nostris
409 2972 567 3053 adversae,
592 2975 841 3052 constiterunt:
878 3000 992 3078 neque
1019 2974 1097 3052 satis
1120 2978 1242 3065 Bruto,

257 3094 319 3192 qui
344 3093 437 3170 claffi
459 3117 615 3195 praeerat,
646 3099 705 3171 vel
730 3096 877 3172 tribunis
894 3095 1065 3186 militum,
1090 3093 1243 3169 centuri·

255 3214 463 3314 onibusque,
489 3217 616 3314 quibus
633 3208 775 3313 fingulae
803 3241 909 3290 naves
925 3235 1021 3290 erant
1044 3213 1241 3308 adtributae,

256 3336 449 3428 constabat,
461 3336 549 3435 quid
562 3355 718 3435 agerent,
732 3354 792 3409 aut
805 3360 911 3434 quarn
925 3335 1096 3409 rationem
1114 3360 1243 3434 pugnae

256 3455 466 3533 insisterent:
493 3455 602 3534 rostro
628 3455 723 3530 enim
749 3454 868 3532 noceri
893 3481 964 3532 non
991 3457 1086 3554 polle
1108 3481 1242 3558 cogno·

223 3571 226 3576 ’
255 3599 403 3656 verant:
430 3577 580 3654 turribus
596 3597 715 3652 autem
735 3575 907 3670 excitatis,
937 3579 1142 3656 tamen-has
1165 3579 1241 3654 alti·
1320 3665 1322 3676 Ι

256 3697 345 3773 tudo
361 3697 537 3799 puppium
562 3723 608 3774 cx
625 3683 778 3776 barbaris
805 3697 953 3782 nauibus
968 3696 1177 3799 superabatt
1203 3719 1243 3774 ut
1309 3689 1324 3712 ⁸
