2866 4754
385 394 436 445 nr
460 370 592 446 Brenno
610 327 801 450 Gannico
825 372 919 450 Lm.
935 373 983 448 V.
1115 379 1181 479 163

196 538 267 640 ipse
280 565 344 642 pro
369 543 488 620 castris
512 542 691 622 fortissime
707 571 872 647 pugnans
894 541 1077 622 occiditur.
1126 546 1184 624 Illi

171 669 177 704 ·
194 687 285 764 agre
310 663 514 744 adnodem
530 666 839 768 obpugnationem
855 665 1042 743 sustinente
1073 668 1183 744 noeto

190 785 236 866 ad
264 811 379 864 unum
405 810 542 882 omnes,
568 789 746 889 desperata
772 789 893 883 salute,
922 787 1047 888 seipfi
1074 787 1181 866 inter·

191 905 327 983 ficiunt.
376 909 485 1016 Pauei
505 934 553 988 ex
569 909 697 1010 proelio
714 912 818 1008 elapfi
841 910 977 986 incertis
999 908 1182 988 itineribus

65 1013 70 1023 ¹
189 1043 258 1129 per‘
280 1031 382 1106 silvas
407 1032 453 1106 ad
479 1029 529 1105 T.
559 1029 763 1106 Labienum
788 1031 945 1130 legatum
972 1031 1008 1105 in
1036 1031 1181 1110 hiberna

189 1150 425 1248 perveniunt;
452 1169 562 1251 atque
586 1151 728 1228 eumde
744 1151 848 1226 rebus
876 1149 979 1250 gestis
996 1151 1181 1230 certiorem

187 1269 336 1346 faciunt.
636 1277 641 1294 '

241 1389 456 1487 nxxvnr.
489 1391 574 1468 Hac
606 1389 751 1466 vinosa
784 1388 939 1466 rubratus
958 1369 1178 1488 -Amuortx,

186 1509 305 1594 statim
329 1537 412 1588 cum
426 1511 585 1610 equitatu
609 1512 647 1586 in
664 1513 887 1606 Aduatucos,
915 1510 1091 1612 quierant
1107 1510 1180 1612 ejus

185 1655 295 1733 regno
310 1630 467 1725 finitimi,
481 1631 715 1732 ‘proficiscitur
723 1661 736 1723 3
756 1659 871 1733 neque
886 1635 1043 1726 nouem,
1061 1652 1181 1734 neque

185 1753 281 1836 diem
297 1752 517 1842 intermittit3
544 1753 813 1853 peditatumque
836 1753 871 1829 se
892 1753 1051 1854 subsequi
1061 1753 1177 1852 jubet.

185 1875 246 1950 Re
262 1874 514 1966 demonstrata,
533 1870 801 1972 Aduatucisque
817 1873 1012 1966 concitatis,
1038 1874 1178 1970 postero

184 1993 244 2076 die
270 1993 309 2070 in
336 1993 492 2070 Nervios
520 1994 705 2092 pervenite
737 1999 765 2038 “
784 1995 1026 2092 hortaturque,
1050 2017 1102 2082 ¹ne
1128 1991 1178 2068 sui

184 2120 214 2160 “
230 2114 495 2214 inperpetuum
507 2114 693 2206 liberandi,
719 2134 824 2214 atque
835 2112 1023 2190 ulciscendi
1039 2116 1177 2192 Roma·

183 2238 214 2280 “
232 2257 314 2325 nos,
343 2259 408 2332 pro
424 2232 478 2330 iis,
506 2259 592 2332 quas
615 2235 827 2334 acceperint,
851 2234 997 2336 injuriis,
1022 2238 1174 2312 occafio·

183 2359 214 2400 “
229 2375 316 2430 nem
343 2353 547 2430 dimittant:
582 2355 782 2434 interfectos
800 2359 883 2440 ‚esse
917 2361 1052 2458 legatos
1084 2355 1172 2448 duo,

178 2480 214 2552 ,“
230 2499 476 2576 magnamque
496 2496 631 2576 partem
655 2479 829 2555 exercitus
849 2479 1002 2554 interisse
1024 2479 1172 2554 demon-

73 2676 78 2684 ,
184 2601 213 2676 .“
229 2595 333 2674 strat:
361 2597 449 2674 nihil
467 2601 535 2675 effe
552 2600 701 2701 negotii,
727 2587 840 2678 subito
864 2601 1061 2700 obpressam
1084 2597 1173 2698 legi-

184 2723 212 2767 “
227 2743 350 2813 onem,
378 2743 458 2820 quae
480 2747 564 2798 cum
580 2722 752 2806 Cicerone
767 2724 914 2816 hiemet,
934 2717 1112 2808 interfici:
1139 2718 1173 2795 so

183 2845 212 2886 “
229 2840 277 2939 ad
292 2863 370 2916 eam
389 2865 464 2944 rem
481 2843 664 2940 profitetur
687 2842 920 2943 adjutorem?
969 2841 1088 2920 Facile
1099 2841 1171 2914 hac

180 2958 340 3038 oratione
354 2959 496 3036 Nerviis
512 2960 706 3060 persuadet.

208 3125 210 3130 ·
230 3077 411 3160 XXXIX.
435 3082 572 3180 Itaque,
597 3081 780 3160 confestim
796 3081 941 3166 dimiffis
963 3078 1101 3156 nunciis
1126 3077 1173 3163 ad

181 3200 389 3293 Ceutrones,
407 3201 576 3293 Grndios,
589 3205 763 3296 Lenaeos,
780 3189 1022 3293 Pleumoxios,
1036 3197 1170 3274 Geidu·

181 3345 260 3415 nos,
290 3319 353 3422 qui
379 3345 505 3401 omnes
531 3321 594 3398 sub
615 3346 740 3398 eorum
766 3320 915 3422 imperio
942 3318 1033 3414 sunt,
1062 3345 1174 3421 quam

181 3427 354 3522 maxirnas
368 3444 667 3546 manuspossunt,
693 3462 829 3546 cogunt
841 3470 854 3532 ς
880 3448 915 3520 de
931 3445 978 3518 de
992 3439 1170 3542 inproviso

182 3565 227 3640 ad
248 3564 427 3644 Ciceronis
451 3567 597 3645 hiberna
618 3567 801 3660 advolant,
831 3565 991 3642 nondum
1016 3563 1063 3640 ad
1085 3589 1169 3642 eum

134 3703 135 3708 ‘
177 3681 277 3766 sama
291 3688 337 3766 de
353 3689 484 3774 Titurii
504 3709 616 3768 morte
632 3690 776 3790 perlata.
825 3685 926 3765 Huic
943 3711 1086 3790 quoque
1107 3709 1169 3762 ac·

650 3811 743 3888 Ma
885 3809 887 3815 ’
