2932 4750
416 393 466 445 nu
484 373 615 447 Baato
632 372 820 447 Gannico
844 371 936 448 Lrn.
949 371 979 444 1.
1149 395 1192 472 37

215 531 363 642 “atque
388 544 540 619 amentia
567 543 721 644 inpulsus
739 544 879 620 bellum
897 533 1075 632 intulisset,
1106 538 1194 640 quid

213 669 241 706 “
257 665 400 740 tandem
412 668 639 740 vererentur?
664 684 724 740 aut
739 690 802 738 cur
817 664 863 738 de
879 661 939 737 sua
962 660 1103 753 virtute,
1131 681 1193 738 aut

211 790 240 828 “
256 786 303 859 de
326 785 431 882 ipsius
458 785 640 886 diligentia
662 784 909 883 desperarent?
952 783 1100 856 Fadum
1117 781 1190 882 ejus

211 905 362 980 “hostis
391 905 587 1004 periculum
618 925 760 1003 patrum
787 903 983 978 nostrorum
1009 903 1190 994 memoria,

211 1031 368 1124 “quum
390 1026 544 1128 Cimbris
569 1030 601 1100 da
626 1023 799 1098 Teutonis
823 1049 843 1098 a
869 1024 911 1096 C.
937 1023 1055 1100 Mario
1071 1024 1188 1121 pulsu,

207 1151 239 1218 “2
252 1167 326 1220 non
343 1146 518 1222 minorem
534 1146 676 1218 laudern
694 1142 880 1234 exercitus,
907 1168 1012 1242 quam
1037 1143 1108 1242 ipse
1122 1145 1189 1220 im·

210 1270 237 1310 “
256 1284 405 1362 perator,
431 1263 573 1338 meritus
590 1257 782 1338 videbatur.
825 1265 980 1342 nattum
997 1263 1101 1338 etiarn
1123 1290 1187 1339 nu-

208 1393 238 1428 “
259 1410 320 1482 per
340 1384 375 1458 in
401 1384 512 1475 ltalia,
539 1383 649 1458 servili
665 1385 844 1472 tumultu;
869 1409 959 1484 quos
982 1403 1100 1458 tamen
1128 1383 1191 1458 ali·

210 1497 240 1548 “
258 1504 343 1602 quid
361 1501 437 1578 usus
457 1529 497 1578 ac
522 1503 714 1604 disciplina,
739 1532 854 1605 quam·
875 1532 896 1580 a
917 1505 1019 1580 nobis
1042 1505 1191 1606 accepis·

208 1631 236 1668 “
250 1617 340 1715 sent,
358 1623 599 1729 sublevarent:
627 1651 672 1700 ex
689 1651 761 1724 quo
772 1624 919 1725 judicari
938 1625 1060 1725 pollet,
1080 1651 1190 1727 quan·

210 1729 336 1820 “tum
360 1731 501 1821 haberet
525 1745 620 1821 inse
647 1747 732 1822 boni
760 1747 973 1823 constantia:
1005 1769 1189 1845 propterea

207 1872 236 1908 “
254 1867 365 1963 quod,
391 1892 479 1966 quos
507 1866 726 1965 aliquamdiu
749 1867 900 1942 inermos
926 1872 995 1941 fine
1011 1869 1123 1941 caussa
1145 1868 1189 1940 ti·

208 1991 237 2028 “
253 1983 428 2078 irruissent,
457 1988 520 2062 hos
538 1987 655 2085 postea
675 2005 840 2075 armatos,
868 2009 908 2060 ac
926 1985 1073 2060 victores
1089 1983 1189 2083 supe-

206 2111 235 2149 “
254 2105 403 2180 rassent:
439 2106 592 2202 denique
617 2107 683 2178 hos
711 2105 778 2179 esse
804 2102 957 2194 eosdem,
984 2104 1191 2202 quibuscum

206 2231 236 2268 “
254 2223 492 2321 saepenumero
519 2223 677 2300 Helvetii
706 2223 887 2322 congresli,
913 2247 986 2298 non
1013 2223 1125 2300 solum
1151 2225 1189 2300 in

205 2349 235 2388 ‘⁴
251 2337 343 2434 suis,'
364 2342 422 2417 sed
453 2343 556 2418 etiam
583 2343 620 2417 in
652 2346 791 2418 illorum
820 2345 948 2420 sinibus
976 2347 1185 2446 plerumque

206 2471 234 2506 “
252 2461 455 2561 superarint,
484 2464 545 2562 qui
560 2484 676 2566 tamen
700 2485 799 2562 pares
816 2464 882 2540 effe
898 2466 1014 2540 nostro
1030 2467 1187 2542 exercitu

207 2589 235 2627 ‘⁴
248 2607 323 2662 non
341 2583 526 2681 potuerint.
566 2585 612 2659 ·Si
629 2609 717 2682 quos
743 2583 926 2671 aduersum
949 2586 1128 2684 praelium,
1152 2592 1187 2662 δι

205 2710 233 2748 “
251 2703 337 2803 fuga
352 2705 536 2779 Gallorum
553 2726 808 2796 commoveret,
837 2707 916 2798 hos,
935 2708 958 2781 fi
975 2729 1184 2804 quererent,

206 2822 234 2868 “
251 2823 404 2923 reperite
415 2825 523 2923 posse,
547 2825 771 2902 diuturnitate
788 2827 872 2904 belli
886 2826 1083 2928 defatigatis
1099 2831 1189 2904 Gal..

206 2950 235 2987 “
252 2944 307 3038 lis,
333 2944 561 3037 Ariovistum,
587 2969 699 3046 quum
727 2948 857 3022 multos
873 2945 1005 3022 menses
1021 2949 1136 3024 eastris
1152 2949 1186 3022 se

207 3070 235 3108 “
252 3089 293 3140 ac
322 3065 505 3162 paludibus
543 3065 712 3156 tenuisset,
745 3066 860 3167 ne'que
897 3066 949 3141 sui
984 3067 1187 3166 potestatem

206 3191 233 3228 “
250 3181 408 3276 fecissen*
417 3183 632 3282 desperantes
642 3185 718 3285 jam
743 3189 789 3282 de
805 3205 939 3284 pugna,
970 3169 1184 3282 &dispersos

205 3312 233 3349 “
249 3303 365 3382 subito
378 3308 557 3396 adortum,
578 3302 691 3405 magis
707 3305 838 3378 ratione
855 3305 1057 3396 &confili0,
1077 3330 1184 3403 quam

204 3432 233 3470 ‘⁸
250 3425 392 3516 virtute,
403 3424 530 3500 viciffe.
572 3424 640 3499 Cui
656 3423 778 3498 rationi
789 3442 908 3500 contra
927 3424 1085 3502 homines
1102 3429 1181 3503 bar÷

203 3549 352 3625 “barus
369 3595 372 3608 ·
391 3565 496 3644 atque
527 3545 691 3648 inperitos
725 3546 820 3621 locus
853 3545 982 3637 suisset,
1021 3548 1100 3639 hac,
1138 3574 1182 3622 ne

203 3663 364 3764 “ipsum
393 3663 538 3764 quidem
565 3665 713 3765 sperare,
741 3667 876 3742 nostros
899 3665 1077 3744 'exercitus
1104 3667 1182 3765 capi

658 3787 695 3860 D
721 3813 740 3884 3
