2912 4750
255 363 312 440 ,aa
475 351 1063 435 C.JUL110AESAR18

347 457 366 494 ο

220 537 225 548 ·
292 515 383 578 caesar
398 512 466 575 mibi
485 511 606 594 ignoscit
625 531 675 591 per
687 511 804 581 litterae,
822 512 900 591 quod
912 527 968 569 nou
981 509 1117 580 venerim,
1136 510 1245 590 seseque

252 617 284 678 in
297 615 431 698 optimam
447 627 553 693 partem
567 613 598 673 id
610 611 737 692 accipere
749 612 833 672 dicit.
874 610 968 670 Facile
980 609 1072 692 patior
1088 610 1164 689 qood
1177 610 1248 670 scri--

253 717 308 787 bit,
327 716 419 776 secum
433 715 553 774 Tullum
567 721 592 772 dr
606 712 732 772 Servium
745 715 852 791 questos
865 713 930 781 effe,
950 711 1018 790 quia
1035 731 1091 771 non
1103 708 1179 770 idem
1192 710 1244 770 libi

255 817 330 896 quod
345 815 415 874 mihi
431 814 577 884 remisisset,
587 821 640 874 dre.
655 813 701 872 sed
714 827 806 874 tameo
819 813 977 891 exemplum
992 811 1050 871 mifi
1066 811 1102 872 ad
1114 825 1142 872 te
1155 811 1245 873 Caesa·

254 916 292 977 ria
304 916 469 976 litteratum.
509 917 553 974 Ex
564 913 712 973 Ciceronis
724 913 745 973 l.
757 933 786 972 x.
802 915 841 972 ad
850 916 931 974 Attia.
953 915 1031 992 Epss.
1050 931 1116 973 tta.
1178 918 1183 926 '

297 1015 396 1076 Sestius
409 1015 482 1093 apud
496 1035 540 1074 me
554 1015 631 1084 suit;
653 1022 678 1074 δι
693 1015 892 1094 Theopompus
905 1013 1014 1092 pridie:
1035 1012 1139 1072 venisse
1152 1033 1168 1072 a
1184 1013 1248 1072 Cae·

252 1115 311 1177 sate
334 1113 462 1174 narrabat
485 1114 609 1175 litteras:
636 1115 689 1174 hoc
715 1113 846 1186 scribere,
867 1115 918 1174 fibi
943 1129 1052 1172 certum
1074 1113 1130 1173 esse
1148 1113 1244 1172 Rome
1295 1133 1300 1138 ·

182 1265 187 1275 ,
256 1235 385 1285 manere3
405 1215 576 1292 caussamque
589 1211 650 1276 cani
663 1213 838 1282 adscribere,
850 1233 910 1291 quae
922 1229 981 1273 erat
995 1213 1027 1272 in
1046 1212 1169 1292 Epistola
1181 1211 1244 1272 nos·

258 1330 312 1385 tra,
333 1335 368 1374 ue
380 1314 408 1374 se
421 1313 533 1374 absente
556 1315 629 1396 leget
649 1314 935 1392 suaeoegligerentut,
954 1311 1023 1372 ficut
1045 1314 1110 1372 esset
1123 1313 1246 1394 negleda

257 1415 443 1495 sumptuaria.
485 1413 692 1476 Exreiceronit
704 1414 726 1472 l.
741 1433 819 1474 xtrr.
832 1415 953 1472 adAut'c.
968 1413 1050 1494 Eprfl.
1065 1433 1129 1474 vn.

290 1517 352 1578 *Sed
374 1517 442 1575 heus
463 1530 506 1585 tu,
526 1513 611 1574 celari
632 1515 730 1575 videor
744 1533 761 1574 a
775 1513 819 1574 te!
839 1512 1060 1592 quomodonam,
1081 1514 1120 1574 mi
1141 1515 1247 1586 Frater,

258 1617 293 1676 de
306 1617 403 1676 nostris
417 1616 536 1674 versibus
546 1613 659 1673 Caesarl
678 1615 755 1674 Nam
768 1612 892 1692 primurn
905 1612 1010 1672 librum
1020 1612 1047 1672 se
1059 1612 1152 1694 legisse
1163 1615 1249 1694 serip-

257 1717 291 1777 stt
307 1715 344 1774 ad
358 1729 497 1775 meante:
519 1719 546 1772 δι
569 1713 671 1792 prima,
691 1716 739 1784 fic,
760 1727 791 1774 ut
811 1729 894 1794 neget
908 1713 935 1774 se
954 1733 990 1774 ne
1012 1714 1110 1772 Graeca
1132 1714 1247 1792 quidem

80 1840 86 1852 ·
142 1802 146 1810 Α
258 1815 373 1876 meliora
385 1813 488 1894 legisse.
527 1812 650 1892 Reliqua
671 1815 707 1873 ad
727 1815 875 1893 quemdam
887 1816 983 1874 locum
1003 1815 1172 1895 sedophae,
1190 1815 1245 1875 boo

258 1915 335 1977 enim
348 1913 436 1975 utitur
458 1915 543 1976 verbo
556 1921 610 1976 διο.
653 1918 696 1975 Ex
712 1915 860 1978 Ciceronis
880 1919 900 1978 l.
918 1935 961 1978 rt.
975 1919 1015 1976 ad
1031 1918 1172 1994 Quinam
1185 1917 1251 1976 Fra·

259 2033 337 2087 trena,
355 2017 436 2096 Epss.
451 2035 502 2077 xv·

296 2117 393 2196 Qum
415 2115 486 2176 hanc
509 2118 568 2195 jam
588 2114 730 2196 epistolam
750 2115 960 2196 complicarem,
981 2114 1120 2176 tabellarii
1144 2115 1252 2180 avobia

261 2217 396 2277 venerunt
408 2217 446 2276 A.
460 2216 498 2275 D.
513 2237 546 2274 xr
561 2213 625 2278 Kal.
645 2216 800 2296 Septembr.
818 2216 949 2278 uicesimo
972 2215 1030 2276 die.
1071 2216 1100 2274 Ο
1114 2236 1159 2276 me
1176 2217 1252 2278 solli·

262 2316 371 2377 eitum!
392 2331 524 2394 quantum
547 2337 601 2397 ego
622 2318 701 2378 dolui
715 2318 745 2378 in
759 2315 877 2380 casaris
897 2315 1055 2377 suavissimis
1068 2315 1187 2378 litteris!
1208 2317 1253 2380 sed

262 2430 411 2496 quoerant
430 2415 580 2487 suaviores,
600 2437 634 2476 eo
648 2420 779 2497 majorem
800 2419 926 2478 dolorem
940 2415 1016 2482 illius
1029 2418 1077 2477 ille
1089 2418 1165 2478 casua
1176 2417 1253 2479 adse·

263 2516 351 2578 rebat.
391 2519 435 2576 Ex
448 2517 594 2578 Ciceronis
607 2517 628 2578 l.
646 2537 710 2579 111.
725 2521 764 2576 ad
775 2521 916 2597 Qinllaat
930 2519 1060 2588 Fratrem,
1080 2521 1159 2600 ΕΜ.
1177 2540 1203 2581 ι.
1241 2585 1245 2593 ,

300 2618 347 2677 De
360 2618 501 2678 tribunatu
515 2619 591 2696 quod
603 2618 714 2689 scribis,
726 2639 779 2698 ego
789 2639 856 2678 vero
866 2619 1032 2679 nominatim
1042 2619 1131 2698 petivi
1140 2616 1253 2692 Curtio,

158 2755 164 2775 t
213 2743 217 2748 ·
264 2717 373 2776 omihi
394 2718 451 2796 ipse
472 2717 562 2788 Cesar
584 2718 749 2776 nominatim
765 2719 867 2778 Curtio
889 2736 1013 2800 paratum
1036 2720 1088 2780 esse
1108 2720 1259 2800 rescripsit,

262 2835 406 2892 meamque
428 2815 458 2882 in
474 2817 599 2894 rogando
612 2817 811 2876 verecundiam
830 2819 999 2901 objurgavit.
1039 2823 1084 2880 Ex
1107 2819 1256 2881 Cicetouia

262 2914 285 2976 l.
301 2917 419 2974 1112ad
432 2917 571 2994 Quintium
585 2917 714 2986 Fratrem,
735 2919 816 3003 Esss·
836 2939 861 2979 1.

304 3017 347 3076 Ex
357 3016 500 3076 Britannia
508 3016 601 3076 Caesar
612 3018 647 3077 ad
663 3038 706 3078 me
716 3019 778 3080 Kal.
798 3019 951 3100 Septembr.
968 3020 1048 3084 dedit
1060 3020 1178 3092 litterar,
1192 3041 1263 3100 quaa·

152 3176 154 3180 .
262 3135 317 3200 ego
329 3117 424 3196 accepi
439 3119 477 3177 A.
490 3116 579 3179 D.'1v
593 3119 659 3180 Kal.
672 3119 775 3180 ottob.
789 3118 853 3180 satit
864 3121 1027 3180 commodat
1041 3119 1078 3182 de
1087 3121 1255 3182 Britannicis
1279 3136 1285 3150 ·

262 3219 343 3280 rebus
354 3240 362 3283 t
384 3219 496 3297 quibus,
518 3239 553 3279 ne
565 3220 697 3289 admirer,
716 3220 792 3300 quod
805 3241 822 3278 a
835 3209 965 3280 tertullae
978 3221 1145 3302 acceperint,
1157 3219 1256 3280 scribit

265 3317 293 3378 se
314 3319 370 3398 fine
395 3331 423 3380 te
444 3318 534 3389 fuisse,
553 3342 617 3382 oum
630 3321 665 3380 ad
689 3339 764 3380 mare
787 3321 936 3392 accesserit,
958 3328 1013 3387 dre.
1053 3318 1265 3384 EaeCicerooit·

266 3415 286 3476 l.
304 3437 368 3478 ru.
380 3421 569 3498 aer’ndam
583 3423 714 3494 Fratrem,
734 3418 814 3502 Epist.
833 3441 859 3483 a.
