2814 4754
357 431 409 494 ue
427 407 560 481 Brenno
577 407 766 494 Gnunrco
791 407 883 494 Lis.
901 409 965 486 VI.
1071 435 1143 510 213

146 605 227 682 que
242 580 458 683 conjiciunt:
483 607 530 658 eo
546 576 659 682 magis
680 578 823 656 timidos
840 597 1032 680 perterrent
1043 585 1143 662 mili·
1181 633 1182 639 κ

89 711 92 718 ’
145 715 214 780 tes.
266 704 359 797 Alii,
385 728 500 781 cuneo
516 701 622 796 fado,
651 721 691 779 ut
718 699 874 778 celeriter
896 725 1142 806 perrumpant,
1189 771 1196 788 χ

145 822 318 914 censent3
350 824 519 927 quoniam
535 845 609 902 tam
626 823 826 924 propinqus
845 825 909 898 sint
922 825 1038 902 eastra
1053 851 1072 901 ε·
1091 830 1142 920 &·,
1190 831 1193 838 ’

74 1011 79 1026 .
144 951 171 1024 si
198 945 428 1047 perreliqua
454 945 697 1025 circumventa
724 944 906 1037 ceciderit,
934 962 970 1020 at
990 946 1145 1048 reliquos

142 1067 278 1146 servari
290 1069 626 1168 posse,·confidunt;
645 1063 717 1157 alii,
735 1084 775 1138 ut
791 1063 828 1138 in
839 1063 929 1164 jugo
946 1067 1145 1164 consistant,

141 1207 259 1290 atque
274 1191 443 1267 eumdem
458 1213 580 1264 omnes
599 1184 712 1262 ferunt
728 1181 858 1260 casum.
879 1240 881 1246 -
908 1187 994 1262 Hoc
1011 1207 1148 1266 veteres

140 1336 226 1388 non
245 1312 398 1408 probant
413 1307 554 1401 milites,
580 1333 670 1408 quos
686 1305 748 1384 sub
765 1303 899 1381 vexillo
921 1331 992 1382 una
1009 1307 1145 1406 proseq-

142 1449 206 1506 tos
224 1429 439 1506 docuimus:
465 1431 589 1530 Itaque
605 1429 696 1504 inter
722 1426 756 1503 se
771 1427 958 1520 cohortati,
987 1428 1079 1504 duee
1102 1431 1145 1504 C.

141 1551 353 1644 Trebonio,
381 1550 499 1652 equite
527 1554 709 1641 Romano,
738 1552 801 1649 qui
831 1547 880 1622 eis
907 1567 978 1624 erat
1006 1539 1146 1651 prepo-

142 1675 247 1766 situs,
274 1697 337 1772 per
351 1672 486 1752 medios
513 1672 627 1748 hostes
654 1689 901 1770 perrumpunt,
935 1671 1145 1751 incolumes·

143 1819 220 1894 que
248 1795 295 1870 ad
319 1821 431 1870 unum
446 1819 570 1870 omnes
597 1793 637 1867 in
664 1793 769 1868 castre
792 1793 1013 1892 perveniunt.
1062 1795 1146 1870 Hos

142 1913 328 1992 subsecuti
343 1917 498 2007 calones,
525 1897 741 2014 equitesque,
765 1913 893 1987 eodem
908 1912 1046 2011 inpetu,
1075 1913 1145 1990 mi·

145 2034 259 2112 litum
276 2035 408 2112 virtute
432 2035 622 2115 servantur.
672 2039 726 2112 At
742 2032 790 2124 ii,·
804 2031 867 2132 qui
890 2030 928 2105 in
946 2030 1039 2132 jugo
1057 2058 1143 2109 con-

144 2157 326 2248 stiterant,
351 2155 452 2232 nullo
468 2156 574 2232 etiam
603 2181 697 2230 nunc
724 2153 787 2230 usu
810 2153 859 2228 tei
887 2151 1042 2228 militaris
1065 2179 1144 2252 per·

143 2295 276 2377 cepto,
305 2301 422 2375 neque
448 2275 487 2352 in
516 2302 572 2369 eo,
600 2277 698 2375 quod
725 2277 976 2376 probaverant,
1003 2275 1146 2352 consilio

145 2420 370 2500 permanere,
400 2417 440 2472 ut
467 2397 501 2473 se
517 2400 599 2474 loco
614 2395 790 2497 superiore
810 2396 1052 2489 defenderent,
1081 2422 1143 2474 ne-

146 2507 223 2621 que
240 2543 334 2612 eam,
361 2543 470 2618 quam
487 2518 652 2619 profuisse
668 2519 742 2596 aliis
755 2519 844 2613 vim,
863 2516 1146 2616 celeritatemque

147 2640 328 2732 viderant,
357 2639 487 2716 imitari
503 2659 716 2742 potuerunt3
741 2640 800 2716 sed
815 2639 850 2716 se
873 2639 913 2713 in
936 2637 1043 2716 castra
1058 2637 1143 2714 reci-

96 2829 101 2848 ,
148 2786 235 2862 pete
251 2761 383 2854 conati,
408 2761 572 2862 iniquum
593 2765 766 2841 inlocum
787 2758 1007 2838 demiserant.
1048 2761 1143 2837 Cen·

147 2883 319 2974 turiones,
350 2907 504 2981 quorum
531 2883 694 2960 nonnulli
727 2909 773 2958 ex
798 2880 1021 2959 inferioribus
1049 2883 1143 2959 ordi-

148 3003 259 3080 nibus
274 3001 488 3102 ‚teliquarum
504 3002 702 3102 legionum,
727 3001 864 3078 virtutis
880 3005 1009 3094 caussa,
1034 3002 1071 3078 in
1089 3001 1144 3078 su·
1238 3032 1240 3036 ’

148 3121 307 3224 periotes
322 3143 418 3199 erant
433 3123 571 3199 ordines
586 3120 687 3220 hujus
704 3121 852 3220 legionis
867 3122 1070 3216 transeunt,
1099 3145 1145 3196 ne
1224 3168 1234 3194 ,-
1295 3177 1299 3188 .

50 3278 57 3290 ’
150 3264 235 3332 ante
252 3262 389 3345 partam
412 3245 462 3320 rei
485 3242 642 3320 militaris
668 3241 810 3318 laudem
830 3241 1045 3333 omitterent,
1072 3236 1144 3320 for·

151 3363 280 3445 tiffime
296 3383 491 3467 pugnantes
508 3364 749 3442 conciderunt.
789 3363 951 3440 Militum
969 3389 1062 3463 pars,
1079 3357 1144 3440 ho·
1186 3433 1187 3443 Ν
1212 3429 1215 3434 ,

153 3511 235 3564 rum
262 3488 388 3564 virtute
403 3487 571 3565 submotis
588 3485 760 3580 hostibus,
787 3505 911 3587 preter
926 3483 1025 3585 spem
1040 3485 1141 3562 inco·

153 3606 261 3685 lumis
276 3609 315 3685 in
331 3609 437 3688 castra
450 3609 631 3713 pervenit:
663 3619 760 3710 pars,
781 3635 804 3686 a
819 3605 973 3688 barbaris
990 3607 1141 3687 circum·
1200 3629 1203 3635 ’

154 3748 277 3828 uento,
301 3731 415 3834 periit.
756 3725 762 3738 “
1089 3751 1097 3762 ’

623 3853 701 3952 Ps
