2814 4754
394 431 446 483 nr
466 409 596 484 Becco
618 405 807 483 Gnsntco
832 405 926 481 Ltn.
942 407 989 480 V.
1118 429 1182 506 173

193 601 287 657 unt:
314 584 435 660 nostris
453 610 540 659 vero
555 581 659 661 etiam
675 583 721 657 de
739 582 834 656 vallo
850 579 1023 672 deduffle
1043 577 1188 678 propius

189 705 369 779 accedunt
381 735 392 792 ;
420 709 455 779 dt
478 707 547 780 tela
571 704 661 778 intra
688 703 921 778 munitionem
947 727 993 776 ex
1019 699 1186 776 omnibus

193 824 359 921 partibus
385 824 597 925 conjiciunt;
626 820 915 923 praeconibusque
933 820 1185 910 circummiffis,

189 946 419 1041 pronunciari
431 944 573 1046 jubent,
601 953 629 989 “
656 945 713 1019 seu
726 943 805 1042 quis
817 945 954 1032 Gallus,
970 941 1028 1019 seu
1045 945 1201 1050 Rorna-x

191 1071 225 1108 “
233 1062 235 1067 ’
245 1091 309 1140 nus
333 1068 417 1141 velit
438 1087 520 1142 ante
535 1069 661 1142 horam
681 1065 820 1139 tertiam
835 1065 880 1139 ad
896 1064 930 1138 se
943 1069 1098 1155 transire,
1113 1067 1183 1140 fine

164 1197 166 1200 ’
189 1187 403 1284 “periculo
431 1187 535 1261 licere
549 1214 561 1260 s
594 1185 673 1283 post
702 1185 739 1258 id
762 1205 901 1282 tempus
928 1209 1000 1256 non
1023 1182 1097 1258 sore
1120 1211 1182 1282 po-

194 1313 229 1360 “=
248 1308 446 1380 testatem.’'
509 1311 565 1381 Ac
599 1313 644 1382 fic
676 1306 812 1382 nostros
841 1303 1106 1394 contemserunt,
1129 1324 1183 1394 ut,

194 1425 384 1500 obstructis
409 1426 446 1500 in
462 1426 617 1526 speciem
636 1427 743 1526 portis
760 1426 903 1528 lingulis
919 1424 1099 1500 ordinibus
1116 1423 1184 1522 ces-

198 1545 329 1644 pitum,
350 1549 447 1646 quod
471 1573 511 1624 ea
528 1575 599 1623 non
616 1551 713 1648 posse
729 1549 988 1642 introrumpere
1016 1545 1184 1626 videban-

196 1687 268 1757 tur,
288 1661 345 1740 alii
361 1670 492 1743 vallum
511 1695 619 1744 manu
635 1669 802 1760 scindere,
816 1669 873 1743 alii
890 1667 991 1743 fossas
1008 1669 1185 1767 complere

197 1786 400 1885 inciperent.
449 1791 548 1865 Tum
565 1791 700 1882 Caesar,
730 1791 896 1865 omnibus
919 1790 1024 1886 portis
1053 1791 1182 1888 erupti·
1247 1807 1249 1812 '

197 1932 267 1981 one
283 1907 386 2001 fana,
408 1911 635 2009 equitatuque
652 1911 786 2000 emiffo,
810 1910 965 1983 celeriter
986 1911 1101 1984 hostes
1123 1890 1184 1988 dat

198 2028 236 2100 in
262 2027 406 2128 sugam:
434 2035 494 2121 fic,
521 2030 574 2106 uti
593 2030 739 2104 omnino
762 2028 945 2128 pugnandi
958 2030 1072 2126 caussa
1092 2028 1183 2102 resis-

191 2169 288 2223 teret
314 2175 446 2224 nemo:
484 2174 725 2249 magnumque
750 2150 860 2223 exeis
886 2175 1071 2224 numerum
1091 2149 1184 2224 occi-

198 2265 266 2361 dit,
285 2289 396 2367 ¹etque
412 2293 533 2343 omnes
554 2267 658 2344 armis
675 2267 796 2344 exsuit.

247 2390 329 2464 LII.
355 2389 517 2488 Longius
544 2389 702 2490 prosequi
726 2387 870 2482 veritus,
889 2393 986 2490 quod
1011 2394 1102 2466 fitvae
1124 2419 1184 2490 pa·

195 2509 364 2608 -ludesque
386 2510 657 2604 intercedebant,
672 2537 794 2611 ,neque
819 2512 923 2588 etiarn
952 2516 1098 2611 parvulo
1122 2517 1183 2592 de-

193 2630 362 2720 trimento
385 2630 539 2723 illorum,
562 2635 681 2708 locum
705 2633 854 2734 relinqui
879 2632 1038 2721 videbam
1070 2635 1184 2710 omni-

196 2753 264 2826 bus
280 2751 349 2827 suls
365 2753 601 2830 incolumibus
620 2756 750 2854 copiis,¹
760 2757 888 2832 eodem
904 2756 964 2832 die
979 2757 1025 2830 ad
1041 2757 1182 2832 Cicero·
1299 2825 1303 2840 .

198 2899 280 2947 nem
298 2875 467 2970 pervenit.
515 2875 688 2950 institutas
704 2897 828 2966 turres,
847 2876 1050 2967 testudines,
1068 2879 1184 2952 muni·

197 2993 378 3091 tionesque
398 2993 560 3068 hostiurn
572 2995 775 3069 admiratur.
836 2998 1013 3071 Produdla
1030 2997 1183 3093 legione,

198 3110 379 3210 cognoscit
407 3139 478 3187 non
511 3113 692 3188 decimum
724 3139 903 3212 quemque
930 3117 998 3190 esse
1025 3116 1184 3190 relidum

197 3232 349 3307 militem
366 3234 435 3305 fine
457 3233 612 3308 vulnere.
664 3235 722 3308 Ex
738 3235 791 3310 his
808 3231 1119 3332 omnibusjudicat
1133 3260 1183 3311 re-

161 3422 165 3428 .
193 3355 278 3447 bus,
297 3371 429 3452 quanto
446 3379 529 3428 cum
552 3337 727 3454 periculo}
743 3359 778 3429 dt
795 3373 926 3454 quanta
941 3379 1023 3430 cum
1040 3353 1182 3448 virtute,

193 3499 253 3550 res
268 3477 334 3548 sint
358 3475 619 3552 administrate:
648 3476 853 3554 Ciceronem
874 3501 938 3575 pro
954 3472 1027 3575 ejus
1043 3476 1182 3570 merito,

195 3593 444 3695 legionemque
472 3598 681 3674 conlaudat:
718 3596 936 3674 centuriones
969 3599 1182 3701 singillatim,

198 3714 423 3823 tribunosque
448 3719 602 3797 militum
629 3721 798 3824 adpellat,
828 3744 980 3822 quorum
1001 3719 1181 3822 egregiam
