2866 4754
208 395 254 470 82
476 388 518 460 C.
543 388 677 482 Juttr
705 384 917 462 Cmsnnrs

207 569 460 664 Veragrorum,
489 561 551 663 qui
573 563 768 662 adpellatur
784 539 1006 652 Osiodurus,
1029 559 1195 639 hiemare.

209 685 283 784 Qi
308 683 420 775 vicus,
451 687 577 782 posrtus
606 683 644 758 in
672 685 777 784 valle,
810 709 884 760 non
910 709 1039 783 magna
1064 681 1197 784 adjes'ra

208 803 372 906 planicie,
402 803 567 880 altiffimis
586 785 775 880 'montibus
799 804 960 905 undique
986 801 1194 880 continetur.
1242 879 1244 885 ,

208 931 333 1025 Qum
366 925 423 1028 hic
450 925 488 1000 in
516 926 602 1001 duas
636 943 751 1025 partes
787 926 934 1001 flumine
966 924 1197 1032 divideretur,

105 1069 112 1076 '
210 1049 355 1124 alteram
371 1067 506 1144 partem
529 1044 601 1144 ejus
617 1046 686 1122 vici
704 1048 813 1122 Gallis
833 1051 1012 1140 concesfit,
1036 1048 1200 1137 alteram,

211 1193 362 1242 vacuam
387 1169 433 1241 ab
449 1166 517 1242 illis
541 1169 713 1261 relidam,
743 1170 941 1246 cohortibus
968 1171 1013 1244 ad
1040 1167 1197 1244 hieman-

212 1291 301 1364 dum
325 1287 503 1364 adtribuit.
554 1277 651 1364 Eum
677 1291 797 1364 locum
822 1291 917 1365 vallo
944 1287 1099 1389 fossaque
1120 1271 1224 1364 mu·v

213 1410 314 1488 nivit.
458 1392 471 1502 J
803 1477 806 1482 .

263 1533 311 1606 ΙΙ.
336 1533 459 1628 Qum
488 1529 560 1603 dies
592 1528 819 1604 hibernorum
846 1531 1045 1627 complures
1069 1527 1201 1604 tranlis·

213 1651 301 1741 sent,
329 1649 616 1748 frumentumque
632 1676 675 1724 eo
698 1649 910 1747 comportari
932 1646 1090 1745 juffiffet,
1120 1649 1202 1724 sub-

213 1772 263 1848 ito
291 1797 353 1869 per
369 1765 602 1870 exploratores
619 1771 741 1850 certior
756 1770 866 1845 faetus
882 1770 946 1861 est,
972 1787 1018 1842 ex
1042 1794 1083 1842 ea
1106 1789 1205 1867 parte

215 1892 299 1983 vici,
326 1918 434 1991 quam
459 1892 569 1968 Gallis
596 1880 821 1983 conmiserat,
850 1915 973 1966 omnes
1001 1891 1109 1964 noctu
1135 1888 1203 1966 dis·

216 2015 357 2104 ceffisse,
389 2011 609 2111 montesque,
634 2007 715 2111 'q'ui'
732 2011 974 2110 inpenderent,
1002 2039 1023 2086 a
1049 2010 1229 2086 maxima.

217 2133 446 2212 multitudine
461 2135 685 2210 Sedunorum
700 2140 735 2210 &
752 2119 991 2234 Veragrorum
1009 2131 1130 2208 teneri.
1163 2132 1209 2206 Id

216 2255 351 2352 aliquot
381 2256 426 2328 de
455 2258 574 2328 caustis
600 2255 787 2345 acciderat,
814 2261 857 2332 ut¹
868 2255 984 2332 subito
1002 2239 1096 2332 Galli
1123 2252 1208 2328 belli

218 2374 424 2464 renovandi,
455 2374 669 2472 legionisque
684 2375 924 2472 obprimendae
941 2374 1127 2449 confilium
1150 2399 1209 2448 ca·

221 2515 355 2594 perent.
405 2492 580 2584 Primum,
622 2496 722 2593 quod
755 2493 949 2592 legionem,
972 2519 1101 2592 ,neque
1129 2519 1209 2570 eam
1325 2529 1330 2540 ·

221 2615 465 2714 plenissimam,
484 2615 647 2691 detractis
664 2614 866 2690 cohortibus
882 2616 1033 2704 duabus,
1052 2617 1091 2688 dc
1106 2641 1207 2690 com·

220 2735 379 2834 pluribus
396 2734 608 2833 singillatim,
632 2735 708 2834 qui,
725 2755 943 2812 commeatus
954 2733 1096 2836 petendi
1112 2735 1210 2811 caus·
1237 2797 1241 2805 .
1267 2801 1275 2809 .

219 2856 268 2948 sa,
298 2855 386 2930 miffi
419 2876 526 2948 erant,
565 2857 779 2949 absentibus,
820 2875 964 2956 propter
996 2841 1228 2955 paucitatem„

220 2971 480 3076 despiciebant:
511 2996 588 3054 tum
613 2977 733 3069 etiam,
767 2977 880 3078 quod,
908 2997 1050 3077 propter
1079 2977 1209 3079 iniqui·
1269 3007 1272 3017 ’

221 3121 329 3176 tatem
352 3101 437 3192 loci,
463 3127 574 3200 quum
589 3098 653 3200 ips1
680 3126 725 3174 ex
742 3099 927 3175 montibus
947 3099 987 3175 in
1001 3101 1133 3178 vallem
1147 3101 1211 3178 de·
1295 3153 1301 3164 ·

223 3241 414 3315 currerent,
444 3227 478 3297 lle
495 3215 566 3298 t'ela
581 3220 805 3322 conjicerent,
831 3246 877 3296 ne
894 3207 1049 3320 primum
1066 3222 1212 3323 quidem
1295 3242 1297 3246 ’

225 3347 322 3442 posse
338 3343 498 3442 inpetum
525 3343 627 3419 suum
643 3342 812 3435 sustineri,
840 3341 1096 3423 existimabant.
1137 3348 1212 3418 Ac·
1259 3383 1261 3386 ·

225 3463 387 3556 cedebat,
415 3465 513 3571 quod
540 3465 618 3540 suos
633 3467 679 3540 ab
703 3464 738 3540 se
759 3465 885 3540 liberos
907 3465 1093 3542 abstractos
1120 3461 1213 3538 obli·

226 3584 316 3674 dum
331 3585 475 3662 nomine
501 3586 670 3662 dolebant
682 3615 694 3674 ;
725 3585 975 3678 &Romanos
1001 3609 1074 3660 non
1100 3581 1214 3660 solum

227 3704 395 3786 itinemm
416 3709 543 3802 caussa,
569 3705 629 3786 sed
653 3705 961 3810 etiam-perpetua
986 3704 1212 3814 poffeffionis,
