2866 4754
365 379 415 432 na
433 355 562 454 Banno
580 358 767 432 Gnnnrco
791 358 881 432 Lm.
898 358 943 432 V.
1080 383 1150 460 145

177 529 385 626 “pecorum
413 557 564 632 magnus
590 557 764 607 numerus.
813 531 973 606 Utuntur
992 546 1052 604 aut
1068 553 1150 619 rere,

178 651 205 738 f‘
218 669 288 722 aut
300 651 406 726 taleis·
421 651 538 728 ferreis
552 653 596 727 ad
618 675 752 728 certum
769 654 907 750 pondus
931 648 1148 740 examinatis,

177 773 202 811 “
218 795 284 867 pro
300 797 459 847 nummo.
494 771 666 866 xNascitur
693 773 742 848 ibi
760 775 948 871 plumbum
976 771 1096 846 album
1111 769 1150 843 in

177 896 203 932 “
220 891 478 968 mediterraneis
494 893 710 992 regionibus,
736 892 771 964 in
800 891 977 966 maritimis
992 889 1147 968 serrum:

175 1015 201 1052 “
217 1008 276 1085 sed
300 1009 374 1109 ejus
396 1013 526 1112 exigua
553 1013 745 1110 estcopia:
773 1037 840 1084 aere
861 1031 1004 1087 utuntur
1030 1013 1149 1110 inpor-

173 1135 201 1172 “
217 1148 303 1204 tato.
353 1133 505 1206 Materia
530 1130 696 1230 cujusque
724 1132 871 1231 generis,
908 1154 947 1205 ut
974 1133 1011 1206 in
1037 1132 1152 1206 Gallia

173 1256 201 1293 “
218 1249 281 1339 est,
318 1273 443 1348 praeter
470 1252 591 1350 fagum
619 1271 721 1350 atque
751 1251 911 1326 abietem.
960 1253 1149 1349 Leporem,

172 1377 201 1413 “
221 1369 456 1469 &gallinam
474 1369 676 1446 &anserem
694 1371 842 1470 gustare,
861 1369 910 1445 sas
928 1397 1000 1446 non
1017 1390 1153 1470 putant.

173 1495 203 1532 “
220 1491 315 1563 Haec
341 1509 457 1564 tamen
480 1494 591 1581 alunt,
617 1491 724 1566 animi
741 1490 998 1591 voluptatisque
1026 1494 1152 1566 cauffa.

174 1618 200 1654 “
218 1613 318 1686 Loca
334 1612 412 1686 sunt
427 1613 680 1711 temperatiora,
703 1639 811 1712 quarn
826 1612 863 1687 in
879 1614 1007 1706 Gallia,
1034 1611 1151 1690 remis·
1208 1683 1211 1700 ,

172 1735 199 1774 “
216 1733 357 1808 fioribus
374 1733 593 1832 frigoribus.”

174 1847 177 1854 ’
217 1851 322 1926 XIII.
353 1859 382 1896 “
399 1851 515 1927 Insula
546 1873 668 1928 natura
701 1855 881 1952 triquetra,
913 1854 1011 1952 cujus
1038 1879 1151 1929 unum

174 1965 202 2014 “
220 1971 307 2046 latus
319 1973 369 2046 est
386 1993 506 2046 contra
526 1973 705 2048 Galliam:
733 1972 834 2072 hujus
851 1972 963 2046 lateris
985 1973 1069 2047 alter
1090 1999 1152 2047 an-

174 2097 200 2134 “
218 2082 335 2191 gulos,
362 2090 423 2188 qui
439 2093 488 2164 est
511 2093 556 2166 ad
568 2091 748 2184 Cantium,
774 2118 846 2191 quo
869 2089 940 2166 fere
963 2116 1086 2167 omnes
1107 2118 1153 2168 ex

173 2218 201 2255 “
219 2195 337 2284 Gallia
360 2235 466 2285 naves
488 2211 721 2308 adpelluntur,
747 2215 792 2288 ad
816 2213 984 2288 orientem
1009 2213 1153 2302 Solem3

172 2337 201 2376 ‘⁶
207 2326 373 2420 inferior,
400 2333 445 2404 ad
457 2331 647 2406 Meridiem
665 2331 802 2431 speetat.
832 2337 938 2410 ‘Hoc
955 2335 1043 2409 latus
1059 2354 1153 2410 tenet

174 2448 355 2526 “circiter
378 2450 477 2525 milia
502 2453 661 2550 passuum
686 2479 723 2526 u.
773 2455 937 2528 Alterum
965 2455 1078 2554 vergit
1106 2456 1153 2529 'ad

174 2577 202 2615 “
220 2565 442 2668 Hispaniam,
468 2592 573 2672 atque
599 2572 818 2650 occidentem
845 2574 986 2648 Solem:
1014 2599 1085 2674 qua
1108 2600 1154 2650 ex

173 2696 200 2734 “
218 2709 313 2789 parte
329 2692 379 2766 est
404 2691 590 2786 Hibernia,
614 2692 765 2769 dimidio
787 2693 917 2787 minor,
945 2715 984 2769 ut
1000 2694 1149 2770 aestinla-

176 2815 204 2854 “
221 2830 290 2902 tur,
316 2836 423 2910 quam
449 2813 644 2888 Britannia:
670 2814 729 2889 sed
753 2815 825 2912 pari
848 2813 957 2914 spatio
981 2814 1152 2892 transmis-

176 2937 202 2976 “
218 2931 287 3022 sus,
312 2951 417 3029 atque
432 2957 477 3006 ex
489 2931 618 3024 Gallia,
643 2933 693 3026 est
710 2933 747 3008 in
763 2934 988 3010 Britanniam.
1029 2937 1071 3008 In
1086 2937 1154 3008 hoc

176 3049 340 3148 ‘fmedio
357 3049 456 3124 cursu
473 3052 522 3126 est
539 3049 660 3142 insula,
685 3077 764 3150 quae
792 3053 986 3150 adpellatur
1011 3056 1151 3128 Mona:

175 3177 203 3216 “
221 3170 420 3268 complures
438 3189 603 3268 praeterea
626 3170 776 3244 minores
790 3171 933 3268 objecta
958 3169 1075 3246 insulae
1093 3197 1155 3246 ex·

179 3298 206 3335 “
222 3291 430 3366 istimantur.
478 3290 535 3364 De
550 3288 675 3387 quibus
693 3286 809 3363 insulis
833 3288 994 3364 nonnulli
1016 3289 1154 3390 scripse-

176 3419 204 3456 “
221 3408 414 3503 runt,‘dies
438 3409 622 3488 continuos
642 3435 719 3484 xxx
739 3409 803 3485 sub
832 3411 956 3516 bruma
979 3413 1047 3486 effe
1072 3435 1155 3491 noc·

177 3538 205 3576 “
221 3553 306 3608 tem.
345 3532 435 3606 -Nos
458 3529 544 3606 nihil
572 3531 617 3606 de
633 3556 676 3605 eo
694 3528 1033 3630 percunctationibus
1056 3559 1153 3635 repe·

181 3657 210 3698 “
227 3652 411 3754 riebamus,
438 3651 498 3728 nifi
525 3650 625 3728 certis
652 3675 697 3726 ex
722 3678 814 3758 aqua
829 3651 1012 3758 mensuris,
1038 3656 1154 3735 breri-

651 3773 686 3845 L
