2912 4750
277 438 334 500 390
475 415 1108 493 crunrrcnsnurs.

275 574 355 638 fuiss'e
367 573 486 652 aliquam
497 573 640 652 epistolam
653 595 660 631 :
681 572 727 633 sed
748 593 784 632 ex
803 571 885 632 Balbi
897 571 1012 650 epistola
1024 577 1111 651 pauci
1124 576 1208 637 verba
1220 578 1262 638 iu-

276 677 435 744 reflexerat,
454 674 489 734 ad
511 695 572 753 quae
595 673 729 756 rescripfit
752 673 795 732 his
809 673 919 732 verbis:
951 675 993 734 De
1013 675 1133 733 Cicerone
1145 681 1264 736 video'ae

275 778 393 857 quiddam
402 776 541 860 scrifflffl,
561 774 628 854 quad
642 795 687 852 ega
711 797 758 850 nun
770 774 902 834 ateler:
923 789 1047 854 quantum
1066 790 1150 834 autem
1169 781 1265 856 cartjec.

276 893 341 938 tura
362 874 537 957 coafiquebar,
559 879 591 933 id
598 890 658 934 erat
671 873 823 954 hujusmodi,
841 883 964 953 armagis
977 877 1114 954 aptandum
1127 897 1202 955 quan
1207 879 1267 954 spe.

178 1013 182 1020 ·
278 980 387 1038 randum
406 993 534 1054 putarem.
574 976 672 1054 Iraque
694 977 784 1054 postea
804 975 863 1034 mifi
885 975 919 1033 ad
939 973 1076 1035 Caesarem
1094 978 1195 1036 eodem
1218 977 1267 1036 illo
1325 1003 1328 1006 ·

273 1078 401 1158 exemplo
422 1076 539 1136 litteras.
578 1077 680 1153 Jocuur
707 1092 799 1136 autem
824 1075 899 1135 illius
921 1074 1025 1136 desua
1047 1070 1167 1154 egeiiate
1188 1077 1265 1135 nefis

274 1176 444 1256 aspernatio,
473 1183 527 1238 icc.
567 1179 612 1236 Ex
634 1175 781 1237 Ciceronis
801 1174 821 1238 l.
841 1194 886 1238 11.
909 1177 949 1234 ad
971 1176 1114 1252 Qaa'aabium
1135 1177 1264 1245 Fratrem,

197 1305 201 1312 ·
275 1278 355 1355 Epfi.
369 1298 415 1338 xr.
1203 1301 1205 1306 ·

315 1377 397 1438 Libri
409 1377 472 1440 sunt
484 1378 657 1459 epistolarum
669 1377 705 1436 C.
719 1375 834 1436 Caiatia
848 1377 883 1435 ad
896 1370 933 1435 C'.
948 1375 1084 1456 Oppium,
1106 1383 1133 1435 δι
1148 1377 1264 1437 Balbum

276 1477 451 1549 Cornelium,
471 1478 519 1557 qui
535 1499 575 1538 rea
588 1479 645 1556 ejus
659 1474 776 1539 absentis
789 1465 933 1536 curabant.
967 1476 1000 1534 In
1013 1470 1058 1540 his
1069 1475 1190 1556 epistolis
1203 1476 1264 1554 qui-

276 1577 392 1638 busdam
405 1579 436 1636 in
450 1577 519 1638 locis
530 1578 716 1637 inveniuntur·
730 1565 831 1637 litterae
842 1576 1006 1653 finguladae,
1025 1577 1081 1635 sure
1095 1576 1265 1656 coagmentis

273 1677 451 1754 syllabarum,
470 1696 536 1753 quaa
550 1689 580 1734 tu
598 1668 675 1754 puiea
695 1677 793 1755 positae
814 1675 979 1736 incondite:
1001 1695 1064 1735 nam
1078 1677 1159 1736 verba
1171 1697 1206 1736 ex
1220 1676 1265 1736 hia

164 1769 166 1776 ’
195 1831 197 1840 ,
272 1775 377 1836 litteris
389 1776 490 1837 confici
498 1776 579 1836 nulla
596 1776 713 1854 possunt.
752 1776 820 1834 Erat
837 1791 1110 1836 autemconventum
1132 1775 1205 1835 inter
1217 1795 1267 1836 eos

275 1876 486 1945 clandestinum,
507 1876 543 1936 de
568 1874 766 1938 commutando
791 1879 841 1938 fitu
863 1877 1029 1945 litterarum,
1058 1890 1088 1935 ut
1114 1875 1268 1957 inscripto

214 2005 217 2008 ·
272 1977 386 2056 quidem
399 1977 454 2036 alia
462 1977 524 2036 ariae
536 1979 641 2046 locum,
654 1984 681 2036 δι
693 1995 795 2036 nomen
809 1988 932 2047 teneret'3
952 1975 998 2036 sed
1010 1976 1043 2036 in
1054 1977 1175 2056 legendo
1188 1978 1266 2037 locus

274 2077 376 2156 cuique
385 2075 460 2146 suus,
475 2084 501 2136 δι
510 2079 625 2156 potestas
637 2078 833 2145 restitueretur,
847 2083 901 2148 &c
927 2078 974 2137 Est
986 2078 1056 2137 adeo
1067 2075 1152 2136 Probi
1161 2079 1264 2137 Graiu·

277 2177 374 2236 matici
388 2177 600 2237 commentarius
611 2177 676 2237 satis
689 2175 795 2238 curiose
812 2177 911 2246 faiiua,
930 2168 967 2236 de
986 2178 1097 2236 occulta
1109 2175 1263 2238 litterarum

276 2275 479 2354 significatione
493 2261 666 2356 epistolarum
678 2279 714 2338 C.
728 2277 844 2338 Caesaris
857 2277 1031 2361 scriptarum.
1065 2279 1111 2336 Ex
1123 2277 1162 2336 A.
1177 2273 1265 2336 Gellii

276 2375 298 2437 Ι.
314 2395 397 2437 xvir.
412 2400 436 2436 c.
453 2397 497 2437 rx.

466 2461 470 2466 Ι
497 2481 541 2538 Ex
552 2476 619 2538 libra
630 2478 795 2561 Epssolarun
812 2483 853 2540 ad
868 2481 910 2558 Q
923 2479 1037 2540 Pedium.
1068 2500 1073 2510 “

632 2583 727 2656 Caesar
740 2584 781 2660 Q
793 2582 870 2640 Pedio
882 2581 912 2640 S.
965 2607 972 2613 ·
1101 2625 1106 2632 .

314 2680 459 2758 Pompeius
479 2680 507 2738 se
529 2679 637 2757 oppido
659 2695 751 2740 tenet:
773 2703 823 2740 nos
840 2682 877 2740 ad
890 2697 984 2760 portas
1005 2682 1091 2741 castra
1114 2679 1260 2740 habemus:

271 2797 404 2837 conamur
416 2799 484 2856 opus
495 2798 636 2856 magnum,
652 2785 678 2838 u
691 2781 844 2842 multorum
862 2780 983 2852 dierum,
1002 2796 1118 2862 propter
1138 2777 1261 2838 altitudi-

100 2970 104 2984 .
151 2935 156 2944 ,
277 2895 341 2944 nem
355 2877 456 2938 maria:
478 2875 524 2936 sed
544 2892 641 2952 *tamen
661 2865 732 2940 nihil
751 2883 800 2953 est,
825 2882 901 2960 quod
915 2882 1012 2960 potine
1030 2881 1174 2942 faciamus.
1214 2881 1261 2940 Ab

275 2991 394 3057 utroque
407 2995 504 3058 portus
516 2999 602 3040 cornu
614 2982 699 3041 moles
708 2981 839 3060 jacimus,
860 2997 891 3041 ut
904 2997 951 3040 aut
965 2981 1043 3041 illum
1057 2981 1263 3061 quamprimum

275 3079 415 3159 trajicere,
435 3081 514 3160 quod
534 3080 617 3140 habet
631 3081 768 3141 Brundiui
781 3081 936 3161 copiarum,
955 3101 1096 3161 cogamus,
1116 3098 1164 3142 aut
1186 3083 1263 3143 exitu

274 3180 478 3269 prohibeamus.
519 3183 564 3241 Eae
577 3179 722 3240 Ciceronis
740 3181 761 3242 l.
777 3199 822 3242 rx.
836 3183 875 3242 ad
884 3183 967 3244 Attia.
981 3183 1061 3261 Epfi.
1080 3202 1163 3244 xvrr.
1199 3183 1263 3242 Vide

277 3280 312 3342 ὅ
325 3283 431 3360 Julium
444 3279 558 3360 Ceisuru
573 3296 602 3358 p.
621 3284 685 3342 188.
1018 3339 1021 3346 ,

238 3415 240 3423 s
529 3385 573 3466 iix
585 3381 649 3440 libro
662 3381 828 3460 Epistularum
839 3384 880 3440 ad
888 3384 1009 3460 Pisonem.

254 3464 421 3545 'mnrium
435 3481 487 3543 tibi
501 3483 636 3561 fignatum
649 3483 749 3542 femin.
789 3483 999 3546 racharium.
1016 3506 1041 3546 1.
1062 3485 1109 3549 nr.
1122 3485 1172 3546 ⁶0.

387 3634 389 3638 .
464 3635 467 3640 .
511 3586 556 3642 Eae
567 3583 632 3642 libra
645 3583 812 3664 Epssolaaam
824 3588 864 3648 ad
873 3585 1020 3651 Aaronom.

313 3680 361 3738 Ad
381 3700 426 3740 me
439 3682 512 3743 mifit
526 3685 665 3746 Antonius
684 3688 841 3767 exemplum
864 3685 1032 3747 Caesaris-ad
1053 3687 1081 3747 se
1094 3686 1264 3755 litterarum,

272 3779 304 3840 iu
315 3777 417 3858 quibui
429 3796 501 3850 erat,
519 3780 547 3841 sc
559 3783 661 3844 audiffe
674 3784 809 3849 Catonem
813 3830 831 3858 ψ
845 3794 872 3848 δι
884 3788 919 3850 L.
929 3787 1090 3859 Metellum,
1108 3786 1139 3846 in
1152 3785 1264 3848 Italiam
