2850 4752
374 415 426 470 ua
450 393 583 468 Braao
608 391 800 468 Gaarrco
826 387 920 466 er.
937 387 1038 465 vlu.
1143 414 1214 494 3¹7

126 637 129 642 .
214 556 369 638 vidroriae
397 559 493 653 elati,
521 585 656 662 magno
666 547 845 661 ¹'undique
875 562 1031 641 clamore
1060 557 1215 655 sublato,

215 681 422 758 cedentibus
439 681 648 776 circumfufi,
672 704 848 782 quantum
868 706 1043 784 equorum
1064 681 1156 758 uires
1170 681 1217 758 ad

214 802 508 904 persequendum,
532 805 739 902 dextraque
769 805 816 880 ad
844 805 1056 881 cadendum
1083 803 1219 894 valent,

215 939 355 998 tantum
386 948 430 997 eo
458 924 585 1022 proelio
617 922 841 1022 interficiunt.
906 926 1032 1023 Itaque
1063 922 1217 1023 amplius

214 1041 358 1120 milibus
390 1033 461 1118 xrr
487 1063 548 1117 aut
563 1051 793 1133 armatorum,
819 1061 881 1116 aut
907 1067 1045 1136 eorum,
1079 1040 1143 1142 qui
1172 1040 1217 1116 ti·

214 1185 316 1238 more
343 1187 440 1238 arma
466 1160 697 1261 projecerant,
727 1159 932 1252 interfedis,
951 1161 1068 1236 omnis
1097 1158 1217 1236 multi·

220 1282 310 1366 tudo
329 1280 466 1380 capitur
480 1281 816 1381 inpedimentorum.

266 1401 392 1476 XXX.
418 1395 501 1498 Qua
522 1426 571 1480 ex
596 1399 697 1502 fuga,
716 1426 829 1502 quum
846 1398 1030 1490 constaret,
1050 1339 1218 1498 Drappe-

215 1536 276 1594 ten
303 1521 478 1596 Senonem
511 1522 607 1622 (qui,
634 1541 673 1597 ut
706 1520 863 1621 primum
890 1519 1067 1596 defecerat
1088 1517 1218 1612 Gallia,

161 1717 167 1726 ,
214 1639 383 1715 conlectis
422 1641 582 1741 undique
614 1642 760 1741 perditis
789 1639 1024 1730 hominibus,
1040 1634 1145 1714 servis
1172 1637 1220 1714 ad

194 1757 412 1850 ¹libertatem
442 1762 590 1853 vocatis,
625 1761 802 1838 exsulibus
826 1759 1013 1838 omnium
1023 1757 1221 1834 civitatium

217 1877 371 1970 adscitis,
388 1879 535 1977 receptis
566 1871 775 1974 latronibus,
794 1879 1037 1978 inpedimenta
1061 1883 1095 1952 dr
1120 1903 1220 1980 com·

218 2015 354 2073 meatus
379 2001 630 2074 Romanorum
656 1999 931 2097 interceperat,)
952 2021 1027 2072 non
1065 1974 1220 2096 amplius

215 2117 405 2194 hominum
428 2143 468 2192 rr
501 2117 646 2197 milibus
679 2142 726 2194 ex
752 2117 840 2218 iuga
864 2115 1060 2206 canterus,
1073 2115 1219 2215 provin

217 2236 311 2317 ciam
327 2255 459 2337 petere,
478 2263 621 2338 unaque
641 2239 827 2315 confilium
849 2261 934 2314 curn
955 2234 1221 2314 eoLuoerium

216 2357 423 2435 Cadurcum
447 2358 592 2458 cepisse,
619 2383 729 2458 quern
745 2356 922 2456 superiore
937 2357 1221 2459 Commentario,

182 2579 185 2588 r
217 2476 333 2580 prima
354 2477 554 2554 desertione
577 2477 704 2554 Galliae
730 2477 844 2554 faeere
860 2478 897 2552 in
919 2476 1140 2576 provinciam
1166 2477 1224 2555 in·.

164 2687 172 2691 ⁵
218 2617 344 2699 petum
377 2597 542 2690 voluiffe,
566 2598 753 2698 cognitum
776 2598 826 2674 est
838 2626 851 2686 ;
877 2596 1045 2676 Caninius
1069 2598 1221 2698 legatus,

217 2742 302 2799 cum
318 2718 519 2821 legionibus
541 2744 579 2794 rr
596 2721 644 2795 ad
664 2745 726 2798 cos
742 2717 1001 2820 persequendos
1022 2716 1221 2812 contendit,

215 2861 262 2912 ne
278 2839 324 2912 de
340 2839 555 2916 detrimento
570 2858 631 2916 aut
649 2839 776 2916 timore
795 2838 988 2937 provinciae
1011 2861 1143 2938 magna
1165 2837 1220 2914 in·
1322 2857 1327 2862 ·

217 2953 340 3046 famia,
358 2957 578 3055 perditorum
594 2957 785 3032 hominum
801 2957 1015 3048 latrociniis,
1025 2975 1220 3056 caperetur.

268 3075 413 3156 XXXI.
436 3076 481 3156 C·
497 3073 629 3154 Fabius
645 3059 731 3150 curn
746 3074 884 3174 reliquo
903 3075 1061 3154 exercitu
1079 3074 1117 3150 in
1133 3076 1221 3156 Car·
1302 3145 1307 3148 .

216 3213 335 3288 nutes,
352 3193 552 3291 ceterasque
569 3190 797 3291 proficiscitur
809 3192 983 3285 civitates,
1002 3219 1155 3294 quarum
1165 3217 1222 3268 ¹eo

219 3313 360 3417 proelio,
379 3313 477 3414 quod
498 3337 583 3388 cum
610 3313 804 3390 Dumnaco
830 3311 975 3403 fecerat,
1005 3313 1125 3414 copias
1153 3315 1223 3388 effe

220 3431 361 3526 accisas,
389 3432 541 3510 sciebatz
568 3433 657 3508 Non
684 3430 780 3511 enim
809 3432 1010 3524 dubitabat,
1045 3430 1220 3532 quinte·
1274 3473 1279 3484 ·

144 3559 148 3564 ’
219 3553 315 3634 tenti
343 3551 542 3628 calamitate
562 3551 792 3630 submiffiores
820 3555 929 3630 effent
956 3551 1108 3641 fisturae3
1138 3552 1222 3630 dato

221 3697 307 3754 vcro
322 3671 435 3782 spatio
452 3697 495 3751 ac
507 3691 687 3776 tempore,
704 3673 832 3754 eodem
849 3671 997 3752 instante
1012 3673 1219 3764 Dumnaco,
1241 3755 1245 3764 ,
