2814 4754
232 392 305 490 236
500 347 542 464 C.
567 391 703 502 Jonrt
728 381 941 470 Cnsrnn
1044 451 1047 468 .

216 535 261 617 “⁴
278 568 326 644 est
340 567 483 642 subrmae
502 583 612 668 genus
630 531 801 662 sollertia,
819 589 925 670 atque
936 567 983 642 ad
997 567 1119 642 omnia
1135 527 1229 642 imi}

235 697 270 756 “1
282 690 399 781 tanda,
413 694 458 764 ·&
477 691 672 782 efficienda,
696 717 775 790 quae
791 693 837 767 ab
853 715 997 791 quoque
1007 723 1009 730 ,
1021 691 1223 781 tradantur,

233 816 261 855 “
276 808 523 909 apt‘islimum.'‘
559 812 708 886 Nam&
726 809 981 910 laqueis'falces
992 811 1220 898 avertebant,

97 987 100 994 -
157 997 161 1018 ,
232 956 318 1030 quas
336 957 447 1030 quum
473 930 743 1040 destinaverant,
765 931 949 1008 tormentis
974 930 1141 1008 introrsus
1168 955 1221 1005 re-

229 1052 419 1144 ducebant,
438 1055 473 1126 &
501 1077 669 1153 aggerem
695 1052 864 1130 cuniculis
891 1051 1151 1142 subtrahebant,
1173 1074 1220 1126 eo

231 1169 406 1264 scientius,
436 1175 534 1274 quod
566 1175 662 1272 apud
690 1199 749 1248 eos
782 1196 921 1274 magnae
952 1169 1032 1248 sunt
1056 1171 1221 1262 senaria,-

232 1313 345 1392 atque,
358 1317 465 1368 omne
482 1303 592 1393 genus
614 1294 855 1370 cuniculorum
871 1313 998 1370 notum
1020 1313 1127 1394 atque
1150 1295 1222 1368 ufi-

230 1431 344 1490 tatum
369 1413 430 1488 est.
478 1406 760 1508 Totumiautem
776 1441 915 1492 murum
937 1415 1104 1490 exomni
1121 1432 1224 1514 parte
1302 1483 1305 1490 ,

230 1535 382 1612 turribus
400 1531 724 1636 contabulaverant,
746 1556 853 1634 atque
876 1538 937 1610 has
959 1534 1223 1641 coriis'intexe·

230 1635 317 1731 rant.
366 1657 465 1730 Tum
491 1655 621 1732 crebris
644 1657 776 1732 diurnis
789 1653 1042 1754 nodlumisque
1062 1655 1249 1752 eruptio..

228 1775 332 1853 nibus
360 1794 421 1850 aut
434 1777 571 1878 'aggeri
600 1761 721 1878 ignem
749 1776 957 1868 inferebant,
983 1795 1044 1852 aut
1071 1775 1219 1868 milites,

229 1916 419 1996 occupatos
447 1898 483 1972 in
511 1924 628 1999 opere,
656 1898 900 1974 adoriebantur
912 1927 924 1986 ς
957 1901 992 1974 &
1021 1897 1223 1974 nostrarum
1262 1894 1264 1902 ’

231 2019 380 2098 turrium
411 2019 646 2111 altitudinem,
680 2038 861 2119 quantum·
892 2021 956 2097 has
981 2017 1224 2117 quotidianus

181 2164 187 2194 ·
230 2166 341 2242 agger
356 2143 574 2240 eaprefferat,
594 2140 780 2218 commiffis
805 2140 945 2218 suarum
965 2138 1114 2215 turrium
1142 2165 1222 2214 ma·

230 2261 286 2352 lis,
314 2263 560 2359 adaquabant,
585 2267 620 2336 δι
645 2283 780 2360 apertos
805 2261 985 2337 cuniculos
1011 2259 1163 2360 praeusta
1188 2263 1225 2334 bc

229 2400 404 2482 praeacuta
432 2383 588 2472 materia,
615 2383 752 2481 &pice
779 2380 977 2472 fervefacta,
1005 2386 1040 2455 δι
1069 2377 1226 2460 maximi

231 2501 395 2602 ponderis
419 2500 509 2578 saxia
537 2503 779 2593 morabantur,
808 2498 1063 2598 moenibusquc.
1088 2501 1225 2674 adpro·

193 2728 197 2744 .
230 2624 400 2722 pinquare
415 2623 663 2720 prohibebant.

232 2745 415 2816 XXHI.
443 2749 472 2786 “
501 2741 619 2816 Muris
645 2760 763 2816 autem
789 2691 956 2814 omnibus
981 2736 1124 2816 Gallicis
1141 2667 1225 2818 hare

230 2866 260 2904 “
276 2859 347 2936 fere
377 2860 489 2937 forma
521 2860 609 2936 est..
645 2857 791 2938 Trabes
808 2860 971 2942 directa
969 2880 1153 2958 perpetue
1177 2863 1224 2938 in

232 2989 263 3029 “
281 2983 555 3084 longitudinem,
573 2983 713 3082 paribus
729 2981 931 3075 intervallis,
949 2981 1112 3062 distantes
1128 2981 1224 3068 inter

232 3112 261 3150 “
278 3105 313 3182 se
336 3105 436 3181 binos
462 3108 581 3203 pedes,
599 3105 635 3178 in
650 3103 729 3184 solo
744 3103 995 3180 conlocantur:
1023 3103 1079 3178 hae'
1101 3105 1219 3188 revin-

232 3227 417 3306 “ciuntur
442 3225 621 3318 introrsus,
649 3231 684 3302 δι
712 3227 825 3306 multo
845 3249 973 3324 aggere
1000 3222 1217 3306 vestiuntur..

232 3357 260 3392 “
280 3334 493 3439 Ea‘autem,
521 3373 602 3448 qua
625 3346 796 3437 diximus,
825 3344 1005 3448 intervalla
1027 3345 1220 3444 grandibus

231 3475 259 3512 “
276 3469 313 3542 in
343 3469 460 3544 fronte
486 3467 576 3544 saxis
604 3467 832 3542 effarciuntur
844 3494 856 3554 ς
882 3465 936 3542 his
964 3464 1219 3546 conlocatis&

231 3595 260 3648 ‘-‘
279 3587 543 3686 coagmentatis,
575 3587 663 3664 alius
679 3585 830 3684 insuper
856 3589 946 3666 ordo
979 3584 1148 3685 adjicitur,
1176 3603 1218 3658 ut
1271 3631 1277 3636 -

230 3718 258 3754 “
276 3708 372 3785 idem
393 3709 481 3784 illud
508 3709 733 3790 intervallum
754 3705 919 3801 servetur,
942 3730 1057 3810 neque
1078 3703 1167 3784 inter
1184 3705 1218 3788 le
