2814 4754
264 405 336 460 212
556 380 601 454 C.
626 380 756 477 Jurrr
781 379 996 456 Cmsnnrs

267 555 431 647 duxerat,
456 551 553 654 cujus
571 554 788 632 mentionem
805 551 1037 657 superioribus
1058 552 1192 656 proeliis
1208 551 1262 631 fe·

212 705 213 714 ¹
267 675 393 767 cimus,
419 700 461 750 ac
472 674 571 749 diem
579 673 658 773 jam
670 702 695 750 v
708 677 796 754 cibo
812 697 976 754 caruerat.
1019 676 1109 768 Hic,
1125 675 1261 754 diffisus

266 796 350 888 suae,
373 817 480 896 atque
496 795 658 872 omnium
679 796 794 892 saluti,
817 799 959 876 inermis
971 823 1017 874 ex
1032 799 1263 880 tabernaculo

266 916 410 1018 prodit:
445 916 542 992 videt
570 917 742 996 inminere
763 921 891 1013 hostes,
921 940 1029 1021 atque
1055 919 1093 994 in
1118 918 1263 996 summo

265 1064 344 1116 rem
360 1040 428 1113 effe
443 1036 664 1114 discrimine:
692 1040 784 1140 capit
801 1067 897 1146 arma
912 1068 933 1119 a
949 1039 1133 1142 proximis,
1151 1059 1263 1139 atque

267 1161 306 1236 in
331 1183 434 1261 porta
454 1160 617 1235 consistit.
667 1161 1059 1263 Consequuntur'hunc
1082 1159 1258 1238 centurio·

267 1309 331 1358 nes
346 1280 419 1382 ejus
436 1281 601 1374 cohortis,
630 1309 710 1381 quae
727 1283 765 1380 in
786 1284 931 1360 statione
945 1304 1042 1359 erat:
1072 1273 1261 1382 paullisper

269 1429 341 1480 una
368 1403 536 1504 proelium
562 1402 736 1479 sustinent.
787 1404 973 1505 Relinquit
999 1403 1140 1478 animus
1171 1405 1260 1479 Sex·

269 1527 375 1624 tium,
409 1523 570 1624 gravibus
597 1525 751 1625 acceptis
782 1525 1012 1601 vulneribus:
1050 1523 1165 1622 AEgre
1198 1547 1262 1623 per

155 1703 157 1708 ,
268 1671 394 1722 manus
419 1647 564 1738 trastus,
590 1645 764 1722 servatur·
801 1651 886 1723 Hoc
910 1644 1018 1746 spatio
1039 1642 1263 1741 interpofito,

161 1836 163 1841 .
269 1765 395 1866 reliqui
411 1763 478 1843 sese
490 1769 715 1860 confirmant,
740 1788 877 1844 tantum
893 1787 933 1842 ut
949 1766 987 1839 in
1004 1760 1263 1841 munitionibus

269 1888 453 1964 consistere
475 1891 641 1984 audeant,
670 1887 893 1990 speciemque
919 1885 1143 1977 defensorum
1168 1911 1262 1986 prae·

259 2013 389 2118 'beante

268 2185 271 2192 -
320 2123 500 2208 XXXIX.
526 2132 684 2225 Interim,
706 2130 869 2208 confessa
885 2127 1167 2222 frumentatione,
1189 2127 1273 2204 mi·⁴
1391 2111 1392 2156 ³

178 2278 180 2282 ·
210 2283 213 2290 ·
272 2253 350 2328 lites
366 2253 471 2326 nostri
489 2254 681 2328 clamorem
693 2254 911 2342 exaudiunt3
927 2231 1146 2352 praecurrunt
1160 2250 1261 2351 equi-

259 2391 348 2459 .tes;
378 2391 510 2469 quanto
528 2374 567 2445 srt
588 2372 695 2446 resin
717 2372 890 2470 periculo,
917 2368 1144 2471 cognoscunt.
1186 2372 1263 2448 Hie

269 2517 358 2576 uero
384 2493 480 2566 nulla
509 2491 661 2567 munitio
683 2491 748 2584 est,
777 2519 857 2591 quae
874 2493 1069 2590 perterritos
1089 2491 1261 2591 recipiat:

181 2653 183 2657 ·
273 2615 382 2688 modo
399 2611 601 2709 conscripti,
626 2632 733 2713 atque
754 2611 834 2686 usus
851 2611 1009 2685 militaris
1031 2610 1187 2707 inperiti,
1217 2613 1265 2688 ad

272 2732 453 2812 tribunum
470 2731 624 2805 militum
642 2729 930 2831 centurionesque
946 2755 1010 2805 ora
1026 2750 1263 2809 convertunts

273 2851 361 2952 quid
387 2851 512 2927 abhis
541 2849 773 2952 precipiatur,
804 2849 1015 2951 exspedtant.
1062 2853 1187 2929 Nemo
1216 2856 1264 2932 est

275 2995 350 3050 tam
366 2971 478 3066 sortis,
497 2973 584 3074 quin
600 2973 648 3048 rei
662 2973 817 3050 novitate
834 2977 1067 3075 perturbetur.
1091 2968 1261 3068 Barbati,

271 3100 374 3198 'signa
404 3099 530 3196 procul
554 3095 757 3196 conspicati,
786 3095 1053 3197 obpugnatione
1077 3095 1261 3182 defistunt3

275 3219 400 3294 redisse
428 3216 546 3318 primo
561 3217 717 3318 legiones
740 3220 901 3309 credunt,
927 3241 1014 3316 quas
1030 3208 1169 3316 longius
1195 3215 1260 3294 dis·

275 3317 416 3432 cesfisse,
435 3363 481 3414 ex
498 3339 647 3438 captivis
662 3356 915 3441 cognoverant.
948 3337 1086 3430 Postea,
1103 3337 1263 3436 despeda

279 3462 465 3557 paucitate,
483 3487 528 3535 ex
547 3459 713 3536 omnibus
729 3460 886 3559 partibus
903 3457 1063 3559 inpetum
1079 3457 1222 3546 sapiunt.

326 3581 411 3654 XL.
435 3579 588 3655 Calones
613 3579 651 3653 in
680 3580 887 3679 proximum
911 3583 1091 3657 tumulum
1110 3605 1261 3680 ¹procur·

277 3719 382 3794 runt:
414 3700 498 3776 hinc
517 3700 671 3777 celeriter
685 3698 811 3802 dejecti
826 3701 860 3778 se
876 3701 914 3780 in
931 3705 1028 3802 figna
1049 3698 1261 3802 manipulos·
