2814 4754
239 429 331 504 ‘214
524 405 568 512 C.
593 406 735 503 Jonrr
760 403 971 479 Causam

304 580 406 657 XLI.
432 579 615 672 Germani,
631 578 809 678 desperata
832 575 1099 678 expugnatione
1115 574 1255 654 castro·

255 727 349 795 rum,
373 701 472 802 quod
488 699 621 775 nostros
630 698 706 798 jam
723 698 910 774 eonffitiffe
928 698 966 773 iu
988 695 1257 775 munitionibus

201 881 204 886 .
254 821 436 914 videbant,
464 847 547 897 cum
577 847 618 896 ea
647 820 779 920 praeda,
809 817 983 919 quentin
1013 817 1105 895 srlvis
1131 819 1255 918 depo·
1394 831 1395 870 ¹

254 943 403 1036 fuerant,
421 964 514 1018 trans
531 943 701 1019 Rhenum
722 938 789 1015 sese
807 959 1019 1040 receperunt.
1057 943 1113 1015 Ac
1129 959 1256 1038 tantus
1396 922 1397 937 ¹

255 1063 321 1140 fuit
349 1065 455 1141 etiam
485 1061 562 1163 post
594 1060 776 1137 discessum
802 1059 954 1136 hostium
978 1053 1100 1152 ierror,
1132 1079 1175 1136 ut
1206 1085 1255 1136 ea

243 1188 374 1278 nocie,
404 1211 516 1286 quum
544 1184 588 1258 C.
612 1180 805 1257 Volusenus
831 1180 951 1256 missus
976 1207 1058 1256 cum
1085 1180 1254 1280 equitatu

253 1307 299 1380 ad
315 1306 421 1382 castra
436 1304 595 1395 veniffet,
621 1304 730 1378 fidem
753 1327 826 1376 non
846 1300 987 1394 faceret,
1016 1301 1132 1378 adesse
1155 1327 1250 1378 cum

253 1426 425 1504 incolumi
441 1424 610 1501 Caesarem
627 1422 793 1500 exercitu.
842 1422 899 1499 Sic
920 1423 1082 1499 omnium
1107 1424 1250 1502 animos

226 1631 229 1640 .
255 1547 362 1624 timor
389 1567 708 1645 preoccupaverat,
731 1565 785 1637 ut,
813 1571 913 1644 paene
939 1543 1088 1620 alienata
1104 1565 1248 1640 mente,

254 1667 377 1742 deletis
401 1668 566 1743 omnibus
590 1667 715 1765 copiis,
745 1665 939 1765 equitatum
965 1685 1102 1741 tantum
1131 1665 1165 1742 se
1193 1692 1273 1747 ex·

226 1871 234 1880 ,
253 1787 340 1888 fuga
356 1790 523 1888 recepisse
538 1789 717 1866 dicerent:
739 1811 866 1888 neque,
884 1785 1054 1862 incolumi
1065 1787 1247 1880 exercitu,

255 1912 452 1986 Germanos
484 1911 594 1986 castra
625 1914 891 2010 obpugnaturus
920 1905 1021 2006 fuiffe
1047 1909 1245 1985 contende·

254 2052 339 2109 rent.
389 2031 511 2130 Qem
526 2033 688 2111 timorem
705 2028 847 2106 Caesaris
866 2030 1035 2106 adventus
1050 2028 1192 2108 sustulit.

301 2155 423 2233 XLII.
450 2152 623 2230 Reversus
648 2153 721 2245 ille,
755 2171 898 2229 eventus
926 2150 1010 2227 belli
1037 2177 1109 2227 non
1136 2152 1244 2253 igno-

252 2299 345 2365 rans,
370 2300 499 2364 unum,
518 2276 614 2374 quod
631 2275 791 2356 cohortes
807 2299 853 2348 ex
868 2273 1013 2349 statione
1032 2277 1066 2347 δι
1085 2273 1244 2373 praesrdio
1318 2293 1321 2300 ·

164 2401 171 2410 “
252 2395 358 2470 οῆὶῃῑ
383 2393 527 2485 emiffae,
561 2393 715 2498 questus,
748 2417 793 2467 ne
816 2379 965 2470 minimo
992 2393 1138 2493 quidem
1162 2391 1243 2472 casu

251 2516 371 2590 locum
392 2496 543 2613 relinqui
560 2513 729 2605 debuiffo,
757 2514 909 2588 multum
931 2512 1106 2596 fortunam
1124 2515 1161 2589 in
1186 2541 1242 2592 re·
1293 2545 1300 2550 ·

252 2634 396 2732 pensio
412 2633 565 2708 nostium
582 2633 738 2708 adventu
752 2631 1242 2732 poturre,tnureavn,mu1.
1305 2613 1308 2618 ’

249 2751 407 2826 suetiam
423 2751 588 2850 amplius,
614 2754 713 2852 quod
729 2752 830 2853 pane
846 2752 894 2826 ab
909 2750 983 2851 ipso
1003 2751 1097 2825 vallo
1113 2753 1239 2852 portis.

250 2898 322 2974 que
337 2872 528 2948 castrorum
550 2874 717 2950 barbaros
735 2871 919 2949 avertiffet.
968 2875 1131 2972 Quarum
1159 2900 1238 2952 om·

151 3087 155 3100 .
251 2995 351 3072 nium
368 3019 482 3070 return
499 2985 654 3070 maxime
664 2993 914 3084 admirandum
924 2991 1122 3090 videbatur,
1141 2997 1238 3096 quod

251 3116 434 3208 Germani,
461 3115 523 3215 qui
542 3141 585 3192 eo
601 3116 743 3193 confilio
771 3118 942 3192 Rhenum
964 3118 1177 3208 transierant,
1197 3133 1238 3192 ut

252 3236 471 3342 Ambiorigis
498 3237 591 3313 fines·
612 3237 926 3338 depopularentur,
956 3237 1003 3312 ad
1027 3237 1140 3313 castra
1161 3241 1237 3315 Ro·

252 3385 439 3436 manorum
466 3358 588 3450 delati,
624 3357 873 3459 optatiffimum
899 3355 1103 3459 Ambiorigi
1132 3359 1237 3438 bene-
1297 3411 1301 3418 -

253 3477 378 3553 ficium
401 3480 602 3555 obtulerint.

275 3653 278 3658 ,
301 3597 437 3693 XLIII.
462 3596 588 3690 Caesar,
607 3597 719 3672 rursus
735 3599 780 3673 ad
808 3601 990 3678 vexandos
1016 3591 1128 3675 hostes
1156 3623 1236 3700 pro·

252 3715 376 3810 fectus,
401 3743 534 3822 magno
558 3719 682 3796 coacto
703 3745 853 3798 numero
872 3745 918 3797 ex
930 3718 1095 3814 finitimis
1111 3719 1234 3800 civita·
