2932 4750
244 441 286 494 η
436 483 439 488 ⁴
483 413 705 516 C.Jor.11
742 405 964 489 Cns'ants

205 669 207 676 ,
238 591 304 667 bus
317 587 447 688 jundtis
462 589 663 664 tranfibant.
702 587 790 664 'Ubi
812 613 874 687 per
890 573 1125 687 exploratores
1142 585 1221 660 Cae-

238 710 289 786 sar
320 709 444 785 certior
475 707 586 784 fanus
612 709 673 800 est,
704 729 773 784 tres
793 707 869 812 jam
901 707 1090 808 copiarum
1110 724 1223 804 partes

239 829 424 908 Helvetios
445 830 482 904 id
517 834 651 906 flumen
679 827 920 918 transduxisse,
951 847 1112 927 quartam
1140 850 1224 898 vero

128 957 134 962 '
241 970 378 1050 partem
406 950 493 1027 citra
518 953 653 1026 flumen
683 949 825 1024 Ararim
854 949 1024 1048 reliquam
1054 948 1146 1034 esse;
1180 946 1225 1018 de
1282 1028 1285 1034 y

241 1069 339 1146 tertia
353 1071 474 1172 vigilia
502 1097 585 1147 curn
611 1071 810 1170 legionibus
827 1071 936 1146 tribus
964 1067 1118 1146 excastris
1144 1091 1224 1165 pro-

241 1189 365 1284 fertus,
400 1194 445 1267 ad
474 1196 552 1266 eam
580 1192 715 1290 partem
747 1192 917 1290 pervenit,
951 1217 1029 1291 quae
1049 1190 1225 1290 'nondum
1299 1175 1307 1187 ¹

242 1316 376 1390 flumen
405 1317 588 1388 transierat.
641 1315 713 1387 Eos
730 1312 918 1410 inpeditos,
950 1309 1228 1408 &inopinantes
1283 1339 1286 1344 ·

241 1436 432 1533 adgressus,
459 1459 627 1532 magnam
643 1459 766 1508 eorum
783 1453 919 1531 partem
936 1431 1117 1505 concidit:
1147 1419 1228 1502 reli-⁹

242 1555 306 1657 qui
321 1553 415 1653 fuga
443 1553 509 1630 sese
530 1556 755 1644 mandarunt,
783 1575 889 1651 atque
912 1553 949 1626 in
968 1545 1147 1650 proximas
1174 1549 1227 1622 stl-

243 1701 307 1749 ‘vas
324 1674 546 1750 abdiderunt.
588 1677 622 1748 Is
639 1699 751 1772 pagus
767 1675 1010 1771 adpellabarur
1021 1669 1229 1768 Tigurinus.
1300 1676 1303 1682 ’

126 1835 130 1838 ·
238 1794 475 1872 Nam-omnis
500 1794 622 1872 civitas
640 1795 809 1868 Helvetia
826 1795 861 1867 in
881 1812 1029 1892 quatuor
1047 1817 1160 1891 pagos
1175 1791 1228 1863 di·

243 1915 318 2011 uisa
344 1915 406 1992 est.
458 1915 534 1992 Hic
568 1941 677 2016 pagus
697 1921 814 2004 unus,
838 1939 968 2017 quum
997 1914 1107 1986 domo
1142 1911 1229 1986 exis·
1342 1969 1347 1974 .

243 2037 307 2129 set,
338 2059 478 2136 patrum
494 2036 690 2111 nostrorum
717 2036 887 2109 memoria
903 2038 949 2108 L.
968 2035 1120 2108 Cassium
1147 2058 1231 2108 con·

246 2157 355 2262 sulem
381 2157 613 2248 interfecerat,
641 2161 675 2232 δι
704 2154 776 2254 ejus
801 2155 996 2250 exercitum
1018 2153 1232 2254 subjugum

173 2363 175 2372 ,
247 2273 395 2356 miserat.
445 2280 512 2366 Ita,
538 2282 606 2353 five
623 2275 716 2365 casu,
746 2280 814 2351 five
832 2277 975 2351 confilio
991 2279 1150 2350 Deorum
1170 2261 1233 2347 ‘in-

249 2397 463 2484 mortalium
489 2421 567 2493 quae
586 2421 662 2492 pars
687 2393 836 2470 civitatis
861 2395 1038 2469 Helvetiae
1064 2395 1258 2494 insignem

249 2517 481 2598 calamitatem
509 2518 643 2616 populo
669 2519 838 2590 Romano
866 2514 1044 2612 intulerat,
1072 2539 1113 2588 ea
1141 2513 1236 2612 prin-
1280 2595 1282 2603 .

250 2665 331 2740 ceps
349 2663 470 2738 poenas
489 2635 660 2735 persolvit.
702 2640 784 2734 Qta
799 2635 836 2710 in
853 2661 890 2710 re
906 2633 1019 2711 Caesar
1035 2659 1106 2710 non
1122 2633 1235 2708 solum

197 2826 199 2832 .
250 2759 420 2862 publicas,
436 2757 494 2832 sed
507 2757 612 2832 etiam
625 2755 773 2855 privatas
789 2755 927 2855 injurias
944 2758 1038 2830 ultus
1055 2754 1118 2845 est,
1137 2753 1236 2852 quod

250 2878 321 2979 ejus
338 2877 443 2952 soceri
460 2880 507 2950 L.
530 2875 661 2951 Pisonis
678 2903 800 2968 avum,
825 2879 872 2951 L.
889 2876 1051 2970 Pisonem
1067 2878 1237 2975 legatum,

250 2998 415 3102 Tigurini
447 2999 573 3073 eodem
609 2997 750 3096 proelio,
792 3023 864 3100 quo
897 2998 1064 3092 carnum,
1096 2993 1236 3072 interfe-

247 3141 385 3198 cerant.
1033 3177 1039 3187 .
1174 3142 1178 3150 ·

302 3230 406 3320 XIII.
430 3242 516 3316 Hoc
534 3240 661 3340 proelio
690 3239 796 3332 farto,
830 3239 978 3339 reliquas
1008 3237 1127 3338 copias
1146 3237 1237 3313 Hel-

132 3413 134 3416 -
254 3360 426 3466 veriorum
444 3381 482 3434 ut
501 3360 668 3460 consequi
688 3363 812 3461 posset,
841 3383 985 3460 pontem
1010 3361 1046 3433 in
1065 3358 1165 3434 Arari
1188 3356 1239 3431 fa·
1265 3381 1269 3390 ·

253 3478 423 3556 ciundum
454 3501 565 3572 curat,
592 3501 696 3580 atque
728 3481 777 3554 ita
811 3480 1006 3556 exercitum
1037 3477 1238 3554 transducit.

254 3599 426 3688 Helvetii,
453 3601 635 3698 repentino
651 3599 724 3698 ejus
748 3602 901 3674 adventu
917 3599 1099 3689 commoti,
1128 3623 1239 3696 quum

255 3717 307 3808 id,
338 3720 434 3818 quod
459 3719 521 3816 ipfi
550 3721 671 3796 diebus
703 3745 766 3796 xx.
797 3721 976 3820 aegertime
1003 3716 1238 3812 confecerant,
