2814 4754
430 343 482 442 or
497 367 630 480 'Burro
650 365 825 440 Gntrtco
848 363 941 440 Lm.
959 365 1062 468 vll..
1148 389 1220 468 249
1323 341 1325 349 ,

229 551 335 636 atque
349 537 487 639 eadem,
505 563 585 638 quae
602 535 781 614 Litavicus
798 531 1106 637 pronunciaverat,
1125 531 1220 608 rnul-

235 655 375 750 titudini
399 675 608 756 exponunt:
640 665 669 702 “
702 683 825 736 omnes
853 655 987 756 equites
1017 653 1223 732 AEduorum

228 785 263 860 .“
279 777 492 870 interfodtos,
516 780 614 879 quod
634 778 810 856 conlocuti
834 803 918 856 curn
939 775 1110 854 Arvernis
1125 774 1223 852 dice·

183 944 186 948 ·
215 975 217 980 ,
234 905 263 944 “
280 919 402 1006 rentur
411 929 424 989 ς
450 899 540 999 ipsos
554 901 590 978 se
606 900 693 978 inter
709 899 972 978 multitudinem
989 897 1144 974 militum
1161 924 1222 977 oc·

209 1089 211 1093 ,
235 1027 264 1098 ‘f
281 1021 436 1113 cultaffe,
453 1042 561 1120 atque
573 1048 618 1098 ex
635 1021 860 1098 mediacaede
873 1018 1101 1120 profugisse.”
1125 1020 1222 1096 Con·

230 1143 388 1222 clamant
405 1142 532 1232 AEdui,
552 1145 587 1218 dt
604 1130 832 1232 Litaviotrm,
845 1159 885 1216 ut
900 1139 1141 1235 srbi‘eonsuiat,
1157 1143 1223 1219 oo-

155 1291 162 1296 ·
229 1262 377 1340 sectant.
404 1270 432 1308 “
450 1265 557 1362 Qasr
575 1259 702 1354 vero,’'
727 1260 844 1360 inquit
868 1260 941 1351 ille,
971 1267 999 1305 “
1028 1261 1225 1338 confilii·fit

235 1389 265 1428 “
283 1408 352 1474 res,
371 1407 413 1458 ac
425 1407 499 1460 non
512 1385 645 1458 necesse
658 1386 696 1460 srt
712 1382 829 1474 nobis,
844 1381 1062 1484 Gergoviam
1079 1399 1224 1458 conten·

235 1509 265 1570 ‚¹5
273 1503 379 1595 dere,
397 1507 432 1580 δι
449 1529 533 1580 cum
554 1504 722 1582 Arvernis
739 1503 876 1582 nosmet
891 1501 1114 1603 conjungere.
1164 1505 1226 1578 An

235 1630 265 1670 “
282 1623 499 1717 dubitamus,
518 1623 620 1724 quin,
637 1623 768 1702 nefario
786 1622 944 1702 facinore
965 1624 1128 1717 admiffo‚
1147 1626 1224 1700 Ro·
1276 1681 1278 1689 ‚

235 1750 265 1792 “
282 1743 378 1820 mani
405 1743 481 1844 jam
513 1747 559 1820 ad
592 1772 656 1822 nos
692 1745 951 1822 interficiendos
989 1744 1241 1822 concurrant?·

235 1871 263 1913 “
281 1864 451 1956 Proinde,
470 1869 494 1942 fi
521 1865 609 1964 quid
632 1865 736 1940 estin
759 1866 862 1940 nobis
885 1865 1010 1956 animi,
1041 1865 1223 1964 persequa-

237 1991 365 2060 “mur
391 2010 516 2061 eorum
545 2003 711 2076 mortem,
741 1985 803 2085 qui
825 1984 1061 2084 indignifflme
1084 1985 1225 2060 interie-

228 2112 265 2179 :“
282 2126 363 2181 runt
374 2136 387 2194 ς
412 2083 519 2204 atque
531 2106 595 2181 hos
612 2107 762 2182 latrones
773 2106 1061 2181 interficiamus.''
1100 2105 1224 2180 Osten-

108 2311 114 2328 4·
234 2226 290 2304 dit
299 2225 401 2302 rives
423 2229 621 2321 Romanos,
650 2228 712 2326 qui
737 2225 808 2327 ejus
836 2226 982 2326 praesrdii
1003 2226 1135 2302 fiducia
1155 2250 1228 2302 unu

114 2335 121 2340 ⁵
234 2365 346 2424 erant.
382 2405 386 2434 ‚
411 2347 590 2424 Continuo
622 2373 796 2448 magnum
826 2374 1014 2426 numerum
1042 2345 1225 2440 frumenti,

228 2467 521 2568 ,commeatusque
537 2469 679 2568 diripit,
706 2467 796 2569 ipsos
813 2470 997 2551 crudeliter
1008 2468 1227 2546 excruciatos
1286 2537 1291 2550 ,
1359 2547 1367 2562 ,

78 2627 82 2634 ·
183 2637 185 2644 ,
234 2587 425 2668 interficit:
452 2589 600 2670 nuncios
626 2610 700 2666 tota
719 2591 867 2668 civitate
884 2592 1086 2670 AEduorum
1107 2589 1228 2666 dimit·

105 2745 112 2756 ·
236 2709 302 2798 tito
329 2711 457 2790 eodem
474 2712 679 2807 mendacio,
696 2714 743 2788 de
766 2713 863 2789 caede
879 2713 1056 2813 equitum,
1075 2717 1110 2788 ὅτ
1128 2711 1225 2812 prin-

230 2830 373 2930 oipum,
392 2854 599 2931 permovet:
625 2835 795 2927 hortatur,
813 2855 852 2910 ut
876 2833 977 2912 simili
1001 2834 1148 2925 ratione,
1175 2850 1227 2909 at*

182 3028 185 3034 ,
230 2975 310 3053 -que
321 2950 396 3050 ipse
411 2953 547 3044 fecerit,
565 2951 641 3028 suas
656 2953 802 3051 injurias
820 2953 1079 3054 persequantur.

204 3133 205 3137 η
231 3129 235 3134 -
288 3057 466 3150 XXXIX.
493 3073 716 3172 Eporedorix
741 3073 893 3164 AEduus,
913 3075 1053 3156 summo
1069 3076 1150 3148 loco
1167 3098 1227 3150 na·

239 3210 296 3268 tus
313 3191 578 3284 adolescens,-&
602 3192 747 3268 summae
771 3191 871 3268 dorni
889 3194 1075 3293 potentiae,
1102 3195 1230 3268 &una

240 3313 498 3407 Viridomarus,
528 3315 604 3412 pari
619 3333 721 3390 aetate
739 3317 773 3388 dr
792 3314 915 3414 gratia,
933 3313 991 3390 sed
1020 3339 1146 3416 genere
1161 3312 1227 3388 dis»

241 3430 330 3535 pari,
347 3459 455 3534 quern
472 3435 585 3512 Caesar
607 3433 669 3511 fibi
692 3437 738 3512 ab
753 3434 933 3512 Divitiaco
955 3435 1160 3512 transditum
1182 3459 1227 3510 ex

241 3555 369 3633 humili
392 3558 472 3632 loco
493 3557 539 3632 ad
565 3555 738 3634 summam
766 3554 977 3657 dignitatem
1004 3542 1233 3656 perduxerat,

204 3755 206 3762 ,
243 3676 463 3780 inequitum
490 3703 638 3760 numero
666 3697 916 3770 convenerant,
945 3679 1161 3760 nominatim¹
1181 3680 1254 3756 ab⁸
