2814 4754
324 377 375 435 nn
400 357 531 437 Btnto
558 301 862 437 olrireo'tn.
879 353 944 434 vt.
1085 381 1150 462 195

170 539 200 580 “
217 559 278 610 nos
299 535 460 610 nonnulli
484 532 626 610 vicenos
654 533 690 608 in
718 531 898 632 disciplina
923 551 1127 630 permanent
1139 565 1151 625 ς

164 657 200 711 5‘
215 679 330 755 neque
354 654 405 731 fas
427 657 496 730 elle
518 655 727 748 existimant,
755 679 803 730 ea
820 651 940 728 litteris
959 648 1150 749 mandare,

167 783 196 830 ‘⁴
213 797 326 874 quum
343 777 378 851 in
395 777 536 878 reliquis
550 774 622 851 fere
639 778 755 866 rebus,
779 774 927 873 publicis
944 771 1152 876 privatisque

165 903 192 940 ‘⁴
209 897 414 989 rationibus,
427 898 562 974 Graecis
577 917 719 972 utantur
734 895 866 969 litteris.
899 894 941 967 Id
961 895 1049 970 mihi
1061 898 1149 973 dua·
1265 991 1269 1000 Ι

163 1023 191 1060 “
212 1019 277 1092 bus
291 1020 337 1093 de
360 1021 480 1093 cauffis
496 1016 674 1116 instituilse
694 1015 881 1100 videntum
906 1017 1003 1113 quod
1017 1042 1147 1118 neque,

164 1141 193 1180 “
212 1135 249 1211 in
262 1140 413 1237 vulgum
429 1129 646 1234 disciplinam
663 1133 786 1227 efferri,
809 1135 931 1224 velint,
949 1161 1062 1235 neque
1075 1163 1148 1231 eos,

163 1263 192 1360 ξ’
212 1255 277 1354 qui
299 1255 447 1350 discant,
481 1255 604 1331 litteris
632 1247 791 1348 confisos,
825 1254 942 1329 minus
974 1259 1150 1334 memoriae

163 1383 192 1419 “
211 1375 361 1451 studere.
411 1379 521 1476 Qtod
544 1375 616 1452 fere
639 1377 810 1476 plerisque
826 1375 968 1466 accidit,
996 1398 1034 1452 ut
1061 1399 1150 1477 prae·

125 1472 132 1490 ‘
163 1501 192 1538 ‘⁴
211 1495 297 1569 sidio
313 1497 517 1590 litterarum,
549 1497 768 1599 diligentiam
785 1497 821 1573 in
840 1495 1083 1596 perdiscendo,
1108 1519 1150 1577 ac

161 1616 415 1692 “memoriam
447 1617 637 1692 remittant.
696 1621 738 1692 In
769 1617 890 1717 primis
922 1619 992 1694 hoc
1022 1604 1150 1698 volunt

161 1743 194 1799 “·
209 1737 425 1835 persuadere,
438 1765 510 1812 non
522 1739 659 1814 interire
674 1739 820 1830 animas,
839 1737 897 1812 sed
914 1741 964 1818 ab‘
975 1741 1050 1816 aliis
1068 1741 1147 1840 post

161 1864 190 1938 ‘.‘.
209 1879 360 1932 mortem
390 1863 531 1934 transire
555 1859 601 1932 ad
635 1859 719 1934 alios
731 1886 742 1943 ;
768 1877 873 1954 atque
900 1859 969 1932 hoc
991 1846 1148 1936 maxime

130 1999 135 2015 ¹
160 1978 253 2052 t‘ad
277 1979 444 2055 virtutem
467 1977 611 2053 excitari
634 1998 770 2076 putant,
797 1997 894 2052 metu
920 1979 1042 2054 mortis
1059 2003 1147 2082 neg·

160 2103 191 2141 “
211 2099 313 2172 leelo.
364 2095 485 2172 Multa
506 2117 667 2196 praeterea
682 2099 728 2172 de
743 2095 923 2191 fidetibus,
957 2117 1063 2200 atque
1087 2124 1148 2175 co·
1235 2125 1237 2134 ’

160 2223 189 2284 ‘t
207 2243 290 2292 rum
308 2237 422 2307 motu,
450 2218 496 2292 de
512 2215 636 2291 mundi
658 2221 1145 2328 aeternarum‘magnitudine,

160 2336 254 2411 “de
280 2361 402 2416 rerum
422 2358 555 2430 natura,
589 2339 636 2414 de
661 2340 810 2414 deorum
839 2339 1080 2418 inmortalium
1109 2343 1146 2420 vi

47 2526 50 2536 .
160 2464 188 2502 “
205 2485 246 2533 ac
263 2457 429 2558 potestate
445 2459 633 2558 disputant,
665 2459 887 2560 &juventuti
903 2461 1120 2538 transdunt.”

205 2579 287 2655 XV.
314 2586 343 2624 “
360 2577 524 2655 Alterum
537 2607 649 2681 genus
665 2582 713 2656 est
726 2582 911 2682 Equitum.
944 2582 1013 2675 Hi,
1033 2607 1144 2682 quum

159 2700 261 2775 “‹est'
280 2700 373 2792 usus,
399 2723 505 2801 atque
532 2703 676 2802 aliquod
706 2705 838 2780 bellurn
867 2703 992 2781 incidit
1022 2705 1142 2803 (quod
1237 2784 1251 2807 ⁴

159 2826 283 2894 “ante
307 2821 449 2897 Caesaris
466 2824 656 2899 adventurn
681 2818 753 2897 fere
776 2829 964 2924 quotannis
984 2826 1143 2904 accidere

157 2947 185 3012 ξ’
203 2938 347 3032 solebat,
369 2943 421 3017 uti
446 2962 506 3016 aut
523 2941 585 3039 ipsr
607 2940 746 3040 injurias
769 2943 950 3052 inferrent,
979 2963 1039 3017 aut
1054 2944 1142 3016 inla-
1257 3011 1258 3016 ,
1358 2968 1364 2985 l

157 3067 256 3136 “tas
290 3060 561 3159 propulsarent,)
596 3086 717 3134 omnes
753 3061 789 3134 in
819 3065 919 3137 bello
941 3061 1141 3149 venantum

159 3189 187 3248 ‘f
204 3202 324 3282 atque,
348 3207 469 3258 eorum
496 3179 708 3280 utquisque
735 3179 787 3252 est
814 3207 937 3280 genere
965 3179 1143 3280 copiisque

159 3309 186 3378 f‘
201 3302 443 3401 ampliffimus,
471 3301 518 3376 ita
547 3299 716 3401 plurimos
745 3299 879 3375 circum
905 3298 939 3373 se
962 3302 1141 3394 ambactos

159 3428 186 3467 “
203 3420 411 3522 clientesque
426 3425 568 3498 habent.
605 3423 714 3496 Hanc
726 3447 833 3498 unam
850 3420 998 3523 gratiam
1015 3441 1138 3524 poten·

159 3549 186 3590 “
202 3542 358 3646 tiamque
373 3545 581 3621 noverunt.”
736 3625 738 3630 ,

598 3725 602 3730 .
632 3663 713 3736 Oa
