2932 4750
430 409 480 467 or
505 391 623 467 num
645 385 817 466 Grnnrco
840 381 933 471 Lm.
946 389 975 466 1.
1152 415 1198 494 ²⁹

218 569 247 606 “
260 580 366 662 arque
382 589 506 638 omnes
529 563 698 638 Germani
714 564 886 639 Rhenum
903 562 1110 636 transuenti
1137 583 1198 634 ne·

22 661 24 720 ²
142 723 146 736 ·
216 689 243 724 “
260 707 329 781 que
345 683 442 758 enim
459 660 792 758 conferendumelse
808 683 987 758 Gallicum
1004 705 1089 756 cum
1110 683 1201 756 Ger·

215 809 243 845 “
262 829 447 879 manorum
464 829 563 904 agro,
586 830 700 903 neque
717 807 806 878 hanc
821 801 1107 879 consuetudinem
1123 801 1199 878 vio

215 929 243 965 “
260 943 314 996 tus
331 950 415 999 cum
431 925 489 1000 illa
501 927 787 1024 comparandam.
829 923 1045 998 Ariovistum
1066 942 1199 1012 eutem,

161 1085 164 1092 ·
216 1049 244 1086 “
261 1065 300 1118 ut
317 1043 422 1120 semel
432 1047 627 1120 ‘Gallorum
651 1045 767 1142 copias
794 1045 920 1143 proelio
937 1043 1071 1136 vicerit,
1100 1043 1200 1143 quod

216 1171 243 1206 “
261 1165 426 1262 proelium
442 1165 576 1239 fadum
598 1171 638 1240 fit
654 1165 956 1264 'Admagetobriae,
978 1164 1138 1263 superbe,
1163 1167 1200 1240 δι

213 1291 241 1327 “
262 1284 448 1359 crudeliter
464 1281 647 1383 imperare,
674 1287 810 1360 obfides
826 1284 1025 1360 nobilissimi
1037 1281 1201 1382 cujusque

212 1413 243 1448 “
263 1404 388 1478 liberos
412 1403 565 1503 poscere,
591 1406 678 1481 &in
696 1431 755 1480 eos
771 1406 892 1480 omnia
906 1405 1072 1503 exempla
1087 1403 1199 1480 cruci·

215 1531 244 1567 ‘⁴
261 1523 403 1626 utusque
418 1525 535 1617 edere,
562 1530 669 1626 siqua
684 1553 738 1602 res
756 1553 827 1602 non
843 1528 887 1601 ad
906 1547 1048 1616 nutum,
1073 1524 1201 1602 autud

215 1651 243 1688 “
261 1647 478 1721 voluntatem
502 1643 574 1746 ejus
590 1646 682 1722 sada
699 1653 750 1722 fit.
800 1647 1001 1724 Hominem
1026 1647 1094 1722 esse
1121 1647 1198 1720 bar-
1242 1679 1245 1686 ’

216 1772 244 1808 “
264 1767 400 1858 barum,
420 1766 642 1860 iracundum,
659 1770 906 1844 temerarium:
928 1795 1000 1843 non
1014 1769 1109 1867 posse
1125 1764 1199 1866 ejus

215 1886 407 1986 “imperia
422 1888 553 1963 diutius
568 1883 723 1963 sustineri
739 1918 748 1961 ε
776 1889 838 1962 nisr
863 1891 887 1962 fi
910 1889 997 1987 quid
1013 1889 1051 1960 in
1067 1885 1199 1960 Caesare

213 2008 463 2106 “populoque
486 2012 655 2084 Romano
682 2013 720 2083 fit
741 2007 877 2098 auxilii,
904 2006 1067 2080 omnibus
1087 2004 1199 2080 Gallis

213 2135 240 2171 “
258 2127 447 2201 idemeffe
471 2125 691 2218 faciundum,
725 2128 824 2225 quod
850 2126 1012 2202 Helvetii
1039 2124 1197 2218 fecerint,
1308 2163 1312 2168 ·

214 2254 242 2290 “
260 2267 300 2326 ut
315 2247 428 2321 domo
443 2246 640 2345 emigrem
667 2248 762 2321 aliud
779 2246 1016 2338 domicilium,
1042 2245 1126 2321 alias
1147 2245 1197 2320 se·

212 2375 242 2411 “
260 2367 335 2457 des,
355 2386 505 2454 remotas
517 2391 538 2440 a
551 2368 749 2460 Germanis,
767 2387 908 2467 petant=3
935 2366 1197 2466 fortunamque,

212 2495 241 2531 “
261 2511 496 2586 quaecumque
509 2487 659 2580 accidat,
674 2490 914 2588 experiantur,
936 2490 1194 2566 Haecrfienuna

212 2616 240 2652 “
259 2608 350 2682 ciata
366 2606 544 2682 Ariovisto
560 2611 637 2700 fint,
667 2635 741 2692 non
755 2609 930 2701 dubitare,
952 2608 1040 2708 quin
1054 2608 1101 2683 de
1117 2634 1195 2684 om·
1239 2699 1241 2704 Ι

213 2736 240 2772 “
257 2727 361 2804 nibus
377 2728 580 2830 obsidibus,
610 2729 672 2828 qui
695 2731 792 2830 apud
824 2722 916 2805 eum
932 2733 1009 2821 fint,
1043 2729 1196 2830 gravidi.-

213 2856 358 2924 “mum
385 2846 594 2947 subplicium
612 2848 748 2937 sumat3
773 2851 945 2927 Caesarem
967 2853 1026 2927 vel
1049 2851 1198 2928 auderi·

214 2976 243 3014 “
259 2990 329 3044 tate
356 2968 415 3043 sua
443 2987 549 3067 atque
577 2970 763 3062 exercitus,
797 2973 859 3046 vel
880 2972 1009 3048 recenti
1036 2972 1197 3065 vidoria,

214 3097 242 3134 “
259 3091 315 3164 vel
331 3089 475 3164 nomine
502 3089 624 3189 populi
648 3091 804 3166 Romani
821 3093 993 3167 deterrere
1021 3095 1130 3190 poffe,
1153 3095 1212 3166 ne'

216 3217 243 3254 “
260 3208 588 3316 majormultitudo
612 3213 871 3289 Germanorum
895 3215 1067 3288 Rhenum
1088 3209 1196 3290 trans:

216 3339 244 3375 “
262 3331 423 3424 ducatur,
450 3330 678 3430 Galliamque
694 3354 839 3405 omnem
854 3334 902 3406 ab
918 3330 1082 3406 Ariovisti
1105 3329 1195 3430 inju-

214 3459 241 3497 “
259 3450 308 3525 ria
326 3454 421 3550 polle
436 3450 658 3526 defendere.'’

261 3573 419 3647 XXXII.
446 3572 698 3648 Haeoratione
714 3575 759 3648 ab
771 3572 948 3650 Divitiaco
967 3571 1099 3665 habita,
1117 3601 1195 3651 om-

213 3717 288 3786 nes,
313 3691 374 3792 qui
391 3693 547 3786 aderant,
574 3719 705 3804 magno
724 3696 807 3772 fletu
828 3695 1000 3774 auxilium
1025 3721 1046 3772 a
1063 3674 1204 3772 caesare'
