2814 4754
327 393 378 448 on
399 361 531 448 Becco
545 367 862 447 ‘Grltnrco'Lrn
877 367 924 446 V.
1073 393 1139 473 ¹77

152 545 266 620 ta't'eni
280 541 558 645 comparaverat,
569 543 609 622 'ut
624 544 781 646 undique
789 547 835 622 ad
851 565 932 624 eum
950 537 1142 648 legationen

151 684 413 758 concurrerent,
450 657 598 766 gatiam
630 687 738 768 etque
764 667 955 746 amicitiam
998 667 1142 768 publice

150 787 400 888 privatimque
406 807 571 887 peterent.
656 775 682 847 f

196 911 302 986 LVI.
326 909 402 985 Ubi
426 908 611 1002 intellexit,
633 912 727 985 ultro
755 911 801 984 ad
828 905 1006 1002 sevenici,
1035 911 1141 986 altera

147 1052 195 1104 ex
213 1050 315 1130 parte
331 1033 483 1118 Senones
499 1029 741 1132 Carnutesque
759 1029 965 1106 conscientia
979 1028 1142 1108 facinoris

146 1147 321 1250 instigari,
338 1153 448 1228 altera
461 1149 615 1226 Nervios
632 1148 903 1249 Aduatucosque
914 1151 1047 1226 bellum
1064 1156 1141 1228 Ro·

147 1272 270 1346 manis
299 1271 442 1370 parare3
485 1295 600 1370 neque
625 1271 687 1346 fibi
721 1271 998 1346 voluntariorum
1027 1269 1145 1370 copias

145 1391 292 1484 defore,
311 1397 333 1466 fi
351 1379 401 1468 ex*
414 1392 544 1468 finibus
560 1392 626 1466 suis
644 1393 808 1494 progredi
820 1394 1001 1492 coepilset3
1028 1415 1142 1466 arma·
1178 1477 1188 1492 a

145 1531 235 1587 tum
251 1512 441 1588 concilium
458 1512 593 1590 indicit.
646 1516 752 1612 (Hoc
775 1509 873 1588 more
889 1515 1076 1588 Gallorum
1093 1513 1143 1592 est

147 1630 291 1708 initium
317 1633 440 1730 bellic)
469 1660 554 1733 quo,
584 1637 664 1736 lege
696 1633 892 1727 communi,
922 1659 1045 1710 omnes
1062 1629 1142 1736 pu·

149 1753 252 1830 beres
274 1755 397 1830 armati
412 1755 598 1833 convenire
620 1755 850 1831 consuerunt:
878 1757 939 1855 qui
958 1781 1005 1830 ex
1021 1757 1061 1832 iis
1077 1753 1143 1831 ηοξ

148 1873 314 1950 vissimus'
324 1875 433 1967 venit,
452 1875 489 1950 in
511 1873 698 1973 conspedu
718 1871 955 1950 multitudinis
978 1873 1144 1952 omnibus
1173 1873 1175 1880 ’

147 1995 361 2071 cruciatibus
370 1995 534 2076 adfectus
561 2015 713 2071 necatur.
748 1999 791 2070 In
819 2020 862 2069 eo
884 1994 1035 2069 concilio
1058 1991 1144 2070 Cin-

150 2116 364 2215 getorigem,
391 2117 529 2192 alterius
552 2116 748 2214 principem
773 2114 946 2207 sadionis,
972 2111 1143 2216 generum

146 2235 268 2326 suum,
288 2259 395 2333 quem
407 2233 515 2334 supra
530 2233 873 2329 demonstravimus,
887 2235 1030 2313 cesaris
1045 2238 1142 2314 secu·

148 2377 236 2432 tumr
253 2357 377 2449 fidem,
394 2359 440 2432 ab
458 2383 500 2432 eo
518 2383 597 2432 non
613 2357 804 2448 disceffiffe,
832 2355 969 2447 hostem
986 2357 1137 2458 judicat,

150 2479 318 2578 bonaque
345 2477 416 2578 ejus
445 2481 614 2579 publicat.
664 2479 736 2562 I-Iis
764 2479 868 2554 rebus
896 2480 1087 2573 consedit,
1105 2481 1144 2557 in

150 2599 310 2678 concilio¹
319 2601 540 2700 pronunciat,
564 2604 758 2676 arcessitum
784 2599 818 2676 se
834 2626 856 2674 a
871 2601 1092 2696 Senonibus,
1108 2607 1143 2678 dt

150 2719 379 2814 Carnutibus,
408 2720 549 2821 aliisque
573 2723 816 2821 compluribus
843 2723 969 2798 Galliae
993 2721 1142 2800 civitati·

151 2841 235 2934 bus,
259 2843 331 2918 huc
353 2841 419 2916 iter
440 2828 628 2922 sciturum.
643 2869 704 2942 per
726 2845 813 2918 fines
838 2843 1049 2938 Remorum,
1079 2869 1141 2920 eo-

149 2984 306 3059 rumque
334 2987 436 3061 agros
464 2962 733 3061 populaturum
763 2943 804 3038 alc
832 2967 941 3062 prius,
970 2990 1079 3064 quam
1107 2965 1145 3038 id

151 3081 273 3172 saciat,
291 3082 441 3156 Labieni
462 3083 569 3158 castra
584 3084 887 3182 obpugnaturum.
947 3087 1038 3183 Qnae
1067 3083 1144 3158 fieri

151 3203 252 3295 velit,
272 3201 443 3300 precipit.
559 3261 562 3270 .

201 3323 320 3398 LVlI.
345 3321 538 3415 Labienus,
558 3335 670 3423 quum
688 3325 722 3397 δι
740 3321 809 3398 loci
826 3317 961 3415 natura,
973 3327 1015 3398 t&
1034 3346 1142 3399 manu

154 3443 385 3522 munitissimis
405 3444 523 3520 castris
543 3443 610 3520 sese
625 3463 771 3538 teneret,
787 3439 841 3520 :de
862 3442 923 3520 suo
938 3471 978 3520 ac
993 3444 1143 3546 legionis

141 3565 313 3672 ‘periculo
340 3563 428 3642 nihil
452 3565 625 3654 timebat}
648 3548 817 3665 nequam
846 3561 1075 3644 occasionem
1090 3569 1140 3646 tei

156 3684 247 3762 bene
278 3687 440 3788 gerendae
473 3687 677 3777 dimitteret,
693 3691 696 3704 '
715 3685 903 3790 cogitabat.
964 3690 1141 3791 Itaqnea
