2814 4754
229 355 301 431 206
504 352 549 430 C.
574 353 599 450 J
607 379 709 430 unu
735 352 941 462 Cmsnurs
995 417 1001 428 .

231 535 417 620 Oceanum
443 531 597 625 firerunt,
626 532 680 608 his
703 530 820 609 insulis
843 531 910 610 sese
942 529 1228 632 occultaverunt,

201 725 205 733 ,
234 679 321 754 quas
339 653 441 729 aestus
457 655 591 729 efficere
606 653 843 730 consuerunt:
871 655 986 746 multi,
1000 679 1045 728 ex
1056 654 1124 732 suis
1140 659 1222 754 fini-

148 861 150 868 ,
235 777 302 854 bus
318 777 451 874 egreffi,
469 774 516 866 se,
534 773 663 874 suaque
683 775 803 850 omnia
828 775 1036 850 alieniffimis
1060 777 1221 854 credide·

133 875 140 981 Γ
231 917 322 970 runt.
384 894 598 1004 Cativoicus,
616 919 677 970 rex
700 894 858 970 dimidiae
873 896 982 994 partis
995 897 1219 991 Eburonum,

231 1017 294 1116 qui
318 1043 391 1091 una
418 1042 500 1091 cum
530 1014 738 1114 Ambiorige
761 1017 943 1090 confilium
966 1016 1103 1110 inierat,
1124 1040 1223 1095 aetate

225 1134 302 1235 jam
320 1136 514 1229 confectus,
534 1163 645 1236 quum
671 1138 827 1211 laborem
849 1137 1010 1213 autbelli
1039 1151 1100 1224 abt
1123 1140 1219 1240 firgae
1286 1133 1287 1138 ’

230 1256 318 1334 ferre
330 1284 402 1334 non
420 1260 544 1357 postet,
562 1257 728 1332 omnibus
747 1257 906 1355 precibus
923 1259 1107 1334 detestatus
1125 1266 1216 1350 Am·

231 1366 421 1480 biurigem,
455 1379 517 1479 qui
548 1377 619 1478 ejus
651 1379 781 1453 consilii
816 1381 939 1454 aanor
965 1377 1093 1472 fuiffet,
1117 1400 1215 1472 tam,

233 1498 331 1600 cujus
353 1526 482 1599 magne
497 1499 534 1574 in
554 1497 669 1574 Galba
693 1499 953 1599 Germaniaque
968 1501 1071 1600 copia
1095 1501 1164 1594 est,
1184 1502 1219 1578 se

49 1697 54 1706 ,
230 1620 471 1700 exanimavit..

278 1741 437 1816 XXXII.
462 1741 582 1840 Segni,
614 1741 868 1842 Condrufique,
898 1768 944 1818 ex
973 1761 1075 1843 gente
1097 1746 1131 1817 δι
1153 1769 1218 1818 nu-

229 1884 327 1935 mero
344 1863 616 1955 Germanorum,
634 1864 696 1963 qui
711 1863 789 1938 sunt‘
806 1864 894 1939 inter
911 1866 1108 1956 Eburones,
1125 1865 1216 1939 Tre-

229 1979 403 2081 virosque,
426 1984 557 2083 legatos
584 1985 630 2058 ad
657 1979 826 2060 Caesarem
853 1983 1031 2076 miserunt,
1061 1975 1211 2076 oratum,

229 2127 275 2179 ne
292 2101 379 2188 sein
400 2105 552 2180 hostium
580 2085 729 2181 numero
755 2108 911 2198 duceret,
937 2131 1026 2181 neve
1053 2105 1214 2191 omnium

227 2225 501 2315 Germanorum,
520 2227 580 2323 qui
597 2225 703 2301 effent
720 2226 807 2301 citra
824 2228 1009 2318 Rhenum,
1027 2252 1134 2326 unam
1149 2227 1216 2301 effe

228 2344 379 2432 cauffam
399 2341 570 2450 judicaret
585 2370 594 2414 ε
610 2345 710 2418 nihil
738 2347 772 2420 se
798 2349 843 2422 de
877 2349 971 2422 bello
1000 2331 1213 2446 cogitavisse,

228 2461 325 2536 nulla
350 2462 552 2564 Ambiorigi
569 2465 698 2540 auxilia
725 2467 881 2542 misrffe..
909 2465 1034 2560 Caesar,
1054 2469 1215 2565 explora-

228 2602 325 2664 tare
350 2584 540 2684 quastione
567 2586 801 2686 captivorum,
825 2590 848 2662 fi
877 2587 939 2686 qui
960 2587 1006 2660 ad
1028 2593 1090 2660 'eos
1113 2589 1214 2660 Ebu-

226 2728 326 2778 rones
343 2729 387 2778 ex
404 2704 496 2806 fuga
505 2708 756 2812 convenissem,
773 2709 817 2782 ad
840 2706 874 2781 se
890 2727 929 2780 ut
954 2707 1215 2798 reducerentur,

227 2823 435 2922 imperavit:
459 2831 486 2932 ¹sr
503 2826 552 2902 ita
577 2827 742 2918 feciffent,
759 2830 846 2910 fines
862 2852 985 2902 eorum
1012 2826 1049 2902 se'
1061 2815 1212 2901 violatu·

225 2970 320 3037 rum,
337 2946 490 3046 negavit.
539 2951 637 3027 Tum
658 2948 769 3048 copiis
792 2948 828 3023 in
844 2949 904 3024 tris
921 2943 1033 3046 partes
1050 2946 1240 3042 distribu2

227 3065 272 3150 tis
302 3051 541 3165 inpedimenta
567 3070 728 3147 omnium
764 3068 946 3170 legionum
987 3069 1216 3148 Aduatucam

227 3188 387 3265 contulit.
437 3191 481 3264 Id
504 3190 633 3290 castelli
657 3217 788 3268 nomen
815 3192 874 3267 est.
923 3192 1010 3269 Hoc
1024 3188 1099 3288 fere
1112 3189 1212 3264 estin

226 3299 351 3384 mediis
383 3311 590 3388 Eburonum
623 3312 769 3406 finibus,
802 3311 863 3389 ubi
895 3311 1067 3403 Titurius,
1106 3332 1214 3409 atque

101 3497 106 3522 ,
227 3429 497 3531 Aurunculejus,
511 3431 689 3508 hiemandi
701 3436 827 3523 caussa,
839 3431 1076 3508 consederant.
1096 3433 1210 3505 Hunc

227 3543 495 3649 quumreliquis
521 3553 624 3626 rebus
647 3553 767 3634 locum
791 3554 977 3649 probabat,
1002 3574 1093 3642 tum,
1112 3549 1223 3650 quud¹
1258 3569 1260 3576 '

224 3665 406 3772 superioris
434 3670 516 3754 anni
539 3667 751 3778 munitiones
774 3669 1147 3774 iutegraemanebant,
1173 3688 1214 3756 ut
