2866 4754
394 371 444 444 ns
462 347 594 424 Bucco
612 345 801 424 Gnctrco
824 345 918 422 Lru.
934 345 1000 422 IV.
1129 371 1190 424 121

212 517 359 620 quantur
371 551 384 611 ;
417 521 524 623 seque
550 523 705 600 celeriter
739 549 784 600 eo
816 542 1006 600 venturum
1044 520 1197 599 nunciet.
1325 615 1330 637 ο

210 641 417 735 Volusenus,
447 643 636 744 perspedis·
653 634 869 746 regionibus,
895 664 1067 744 quantum
1082 640 1116 718 ei
1144 639 1196 718 fa·

206 763 345 838 'cultatis
356 765 432 852 dari
449 761 578 864 potuit,
608 766 764 865 quinaui
782 765 914 866 egredi,
940 791 980 841 ac
992 763 1026 841 se
1043 762 1199 840 bubarir
1305 779 1309 792 '

206 877 429 974 committere
446 913 520 962 non
530 889 692 981 cuderet,
709 873 742 966 'v
761 886 819 964 die
835 890 881 966 ad
897 885 1068 964 Caesarern
1084 909 1196 962 revet-

208 1003 319 1094 titur;
346 1033 497 1108 quaeque
513 1005 563 1086 ibi
581 1006 815 1106 perspexiffet,
844 1006 1030 1082 renunciat.

258 1128 378 1202 XXII.
404 1129 506 1210 Dum
524 1127 562 1202 in
590 1126 644 1202 his
659 1128 745 1204 locis
769 1126 882 1202 Caesrr
905 1126 1049 1203 navium
1073 1153 1198 1226 paran-

208 1247 336 1324 darum
352 1249 468 1322 cauffo
495 1266 667 1354 moratur,
693 1273 739 1325 ex
763 1273 894 1346 magna
917 1268 1013 1346 parte
1034 1247 1197 1322 Morino·

210 1391 293 1442 runt
308 1369 353 1442 ud
369 1393 452 1442 eurn
480 1367 585 1467 legati
604 1389 798 1457 venerunt3
826 1366 936 1469 quise
961 1370 1006 1444 de
1021 1364 1200 1464 superioris

178 1552 181 1560 .
213 1487 378 1594 temporis
394 1490 537 1566 confilio
562 1491 777 1583 excusarent,
809 1491 906 1591 quod
931 1489 1092 1566 homines
1122 1489 1199 1564 bar-

207 1598 298 1700 bari,
325 1609 501 1688 &nostrae
523 1595 781 1688 consuetudinis
798 1611 950 1712 inperiti,
978 1611 1198 1708 bellumpo·

209 1731 295 1827 pulo
311 1734 479 1819 Romano
492 1729 660 1824 fecissent,
685 1733 789 1831 seque
805 1759 860 1824 ea,
889 1760 969 1832 quae
986 1732 1198 1832 imperaffee

209 1849 361 1926 facturos
387 1853 647 1950 pollicerentur.
693 1835 784 1930 Hoc
812 1852 875 1926 fibi
899 1852 975 1928 satis
1002 1856 1201 1952 obportune

209 1972 324 2048 Caesar
337 1973 498 2064 accidiffe
514 1958 712 2065 arbitratus,
726 1972 823 2072 quod
833 1995 957 2069 neque
972 1971 1048 2069 post
1058 1991 1201 2072 tergum

206 2093 349 2186 hostem
367 2081 568 2190 ¹relinquere
593 2095 761 2178 volebat;
792 2117 906 2191 neque
928 2092 1010 2166 belli
1042 2089 1201 2192 gerendi,

211 2231 357 2309 propter
378 2210 460 2288 anni
480 2231 634 2310 tenrpus,
659 2211 866 2316 facultatem.
879 2214 1056 2300 habebatr
1085 2236 1202 2311 neque

210 2334 275 2410 has
291 2321 505 2408 tantularum
523 2357 638 2406 return
665 2333 910 2432 occupationes
938 2333 1000 2410 fibi
1014 2332 1201 2411 Britannia

209 2453 472 2550 anteponendas
483 2449 681 2551 judicabat,
710 2455 930 2556 magnumis
946 2457 1109 2540 obsrdum
1133 2481 1199 2530 nu-

210 2600 350 2650 merum
364 2573 523 2672 imperat.
574 2565 715 2675 Qribus
743 2577 918 2670 adductis,
948 2577 1062 2652 cosin
1090 2575 1201 2652 fidem
1234 2667 1239 2688 Ι

210 2693 356 2796 recepit.
405 2696 568 2774 Navibus
584 2695 720 2774 circiter
737 2725 840 2776 cxxx
866 2698 1030 2776 onerariis
1057 2696 1200 2789 coactis,
1248 2781 1250 2788 y

212 2813 478 2914 contradisque,
505 2837 594 2915 quot
605 2815 686 2897 ⁴sotis
713 2822 782 2894 etse
804 2821 850 2894 ad
866 2820 953 2896 dues
967 2818 1202 2918 transportan-

211 2937 275 3012 das
302 2935 458 3036 legiones
483 2936 728 3042 existimabat:
757 2939 935 3038 quidquid.
948 2959 1113 3038 preterea
1139 2958 1202 3014 na·

213 3056 313 3144 vium
337 3059 524 3162 longarum
551 3059 717 3161 habebat,
745 3057 922 3154 qurestori,
947 3059 1084 3159 legatis,
1112 3081 1202 3155 prae·

214 3176 379 3280 fcdisque
394 3177 577 3254 distribuit.
607 3219 610 3226 ⁴
628 3151 948 3260 Hucaccedebaut
962 3203 1058 3254 xrrx·
1075 3201 1202 3252 ›onera-

214 3298 275 3374 riae
304 3290 425 3389 neves,
454 3324 534 3398 quae
562 3323 608 3373 ex
629 3323 680 3374 eo
697 3300 779 3373 loco
805 3300 852 3372 ab
877 3297 1020 3374 milibus
1043 3299 1203 3398 peffuum

215 3445 296 3495 vrrr
327 3437 435 3496 vento
461 3421 680 3512 tenebantur,
717 3445 789 3522 quo
818 3419 946 3496 minus.
967 3421 1004 3496 in
1035 3420 1202 3497 eumdem

197 3537 203 3588 3
216 3560 357 3640 portum
380 3540 563 3640 pervenire
586 3534 732 3641 poffentss
760 3545 862 3644 ,Has
888 3541 1203 3643 equitibus'distri-

218 3661 309 3755 buit,
338 3661 512 3764 reliquum
542 3663 736 3742 exercitum
763 3668 821 3763 Q
834 3655 973 3743 Titurio
994 3663 1137 3758 Sabino,
1168 3667 1202 3736 dr
