2932 4750
234 409 256 484 8
436 501 438 512 Α
500 401 544 474 C.
569 395 706 501 Jnnrr
732 359 945 474 Cmsrints

196 539 215 634 s
233 571 298 644 bus
318 570 420 642 rebus
445 569 491 642 ad
519 567 772 669 profetlionem
797 560 1020 664 comparatis,
1048 560 1144 636 diem
1164 557 1218 636 di·

111 680 119 688 ’
228 707 329 780 eunt,
360 713 430 791 quo
457 688 516 762 die
544 691 589 762 ad
612 688 726 786 ripam
753 684 920 762 Rhodani
938 707 1064 760 omnes
1088 707 1217 758 conve

230 810 337 884 niant
373 812 408 883 Is
424 809 499 884 dres
515 829 603 901 erat,
629 811 712 883 a..d
738 809 784 879 V
807 808 886 882 Kal.
903 811 993 905 Apr.
1014 805 1066 880 L.
1077 800 1217 895 Pisone,

232 938 279 1004 A.
299 930 454 1005 Gabinio
470 932 584 1004 Con.
1005 966 1008 979 ·

143 1069 146 1081 ·
211 1091 213 1096 ,
229 1054 361 1125 Vll.
386 1050 510 1126 Caesari
528 1069 640 1150 qnum
669 1049 706 1122 id
733 1047 938 1126 nunciatum
961 1047 1058 1136 eliet,
1080 1069 1138 1118 eos
1155 1065 1218 1140 per

231 1170 447 1270 provinciam
466 1171 617 1245 nostram
629 1169 699 1244 iter
717 1169 830 1244 facere
851 1167 983 1258 conari,
1008 1183 1157 1242 maturat
1173 1165 1218 1236 ab

175 1339 182 1344 -
231 1294 319 1366 urbe
336 1289 522 1390 proficisci,
553 1295 602 1380 δι,
629 1313 737 1389 quom
759 1289 923 1364 maximis
948 1287 1060 1387 potest
1079 1283 1216 1360 itineri-

231 1415 312 1502 bus,
336 1415 372 1485 in
389 1411 542 1486 Galliam
565 1410 767 1484 ulteriorem
794 1408 991 1498 contendit,
1019 1412 1053 1482 δι
1075 1407 1120 1481 ad
1144 1409 1216 1480 Ge·

229 1557 358 1606 nevam
377 1532 546 1630 pervenit.
595 1530 787 1604 Provineiae
804 1531 869 1603 toti
892 1555 1001 1628 quam
1018 1527 1219 1602 maximum

229 1651 381 1726 militurn
398 1639 591 1726 numerum*
607 1651 777 1749 imperat;
806 1654 898 1755 (erat
912 1648 1062 1724 ‘omnino
1078 1648 1115 1722 in
1131 1648 1229 1722 Gal:
1255 1642 1263 1657 '

230 1771 278 1853 lia
304 1772 469 1845 ulteriore
484 1771 578 1871 legio
594 1775 682 1868 una)
714 1792 884 1870 pontem,
902 1769 964 1868 qui
988 1788 1060 1844 erat
1082 1769 1127 1843 ad
1144 1770 1216 1842 Ges

67 1882 72 1888 ³
116 1935 119 1939 ·
230 1913 372 1982 nevam,
393 1890 496 1991 jubet
511 1891 668 1969 rescindi.
709 1892 786 1967 Ubi
802 1894 848 1967 de
864 1890 936 1992 ejus
954 1892 1109 1967 adventu
1126 1892 1218 1966 Hel-

230 2013 314 2086 vetii
331 2013 493 2088 certiores
517 2012 599 2088 fatti
616 2012 709 2104 sunt,
739 2016 873 2112 legatos
890 2013 936 2086 od
953 2037 1036 2086 eum
1058 2010 1217 2100 mittunt,

231 2132 456 2208 nobiliffimos
474 2134 646 2221 civitatis3
671 2133 773 2232 ‘cujus
791 2133 983 2234 legationis.
997 2129 1166 2227 Namejus
1184 2135 1218 2206 &

230 2255 461 2328 Verucloetius
498 2255 710 2350 principem
728 2251 850 2340 locum
892 2253 1123 2338 obtinebant3
1158 2252 1220 2351 qui

231 2374 397 2461 dicerent,
429 2379 455 2414 “
476 2372 537 2448 libi
552 2375 622 2446 elle
638 2373 674 2445 in
691 2373 824 2462 animo,
855 2375 924 2446 fine
947 2374 1021 2444 ullo
1043 2373 1219 2448 maleficio

233 2501 261 2544 “
279 2494 342 2567 iter
358 2517 420 2591 per
432 2491 651 2590 provinciam
664 2491 793 2584 ¹faeere,
812 2511 995 2590 propterea
1008 2495 1107 2589 quod
1122 2492 1218 2568 aliud

232 2623 260 2658 “
278 2613 344 2688 iter
359 2615 524 2687 haberent
540 2615 701 2688 nullum:
729 2637 866 2711 rogare,
892 2633 931 2714 ut
947 2611 1019 2710 ejus
1037 2592 1241 2709 voluntate*

234 2735 316 2808 “id
344 2735 405 2809 fibi
432 2711 545 2808 facere
573 2734 712 2810 liceat.”
761 2733 886 2826 Caesar‚
922 2735 1020 2832 quod
1049 2732 1220 2808 memorio

232 2859 387 2946 tenebat,
416 2857 462 2928 L.
487 2854 638 2951 Cassium
669 2852 859 2929 Consulem
884 2854 1053 2944 occisum,
1084 2851 1218 2926 exerei-

231 2987 380 3074 tumq'ue
404 2974 475 3074 ejus
497 2978 542 3049 ab
570 2971 747 3049 Helvetiis
774 2974 927 3074 pulsum,
958 2970 1218 3077 &subjugum

230 3097 386 3186 missum,
417 3096 684 3170 concedendum
712 3122 785 3173 non
799 3133 801 3141 ·
812 3099 980 3194 putabat:
1011 3120 1126 3192 neque
1154 3096 1218 3168 ho·

234 3219 345 3292 mines
361 3217 504 3292 inimico
513 3217 645 3308 animo,
659 3216 911 3292 dataffacultate
928 3229 990 3315 per‘
1000 3214 1218 3313 provinciam

232 3337 360 3411 itineris
384 3335 551 3428 faciundi,
577 3357 828 3436 temperaturos
845 3340 890 3412 ab
906 3336 1030 3435 injuria
1052 3334 1217 3412 &male-

233 3457 314 3532 ficio
330 3456 558 3532 existimabat.
599 3457 760 3548 Tamen,
787 3479 825 3530 ut
841 3456 991 3554 spatium
1009 3455 1218 3532 intercedere

233 3581 358 3676 pollet,
388 3579 476 3667 dum
498 3577 640 3668 milites,
666 3604 755 3676 quos
779 3577 1021 3681 imperaverat,
1050 3571 1217 3648 conveni·

234 3718 325 3790 rent,
350 3689 472 3802 legatis
503 3696 694 3798 respondit,
725 3683 752 3742 ‘²
771 3697 867 3806 diem
891 3697 927 3796 se
954 3699 1005 3772 ad
1024 3693 1217 3770 deliberan-
