2886 4748
328 397 1150 578 urosERTnTuo

218 655 654 802 Haunrc'r
736 703 1258 802 mouturam

698 935 728 995 n
748 935 772 994 n

316 1121 386 1192 ru.
410 1120 479 1188 oa.
504 1119 546 1191 u.
573 1121 655 1188 mu
678 1121 714 1186 o
737 1121 821 1191 on.
842 1120 940 1214 Afric.
964 1101 1058 1208 uque·
1073 1085 1185 1213 rusp(

385 1313 391 1332 ·
521 1311 960 1419 auctoru

246 1515 343 1575 Aellor
354 1513 518 1596 Ptologisad
527 1514 634 1575 Librum
651 1514 682 1572 de
699 1513 769 1574 Bell.
783 1511 898 1574 Gallico
913 1511 995 1573 VIII.
1016 1507 1129 1574 Hirtius
1147 1522 1230 1591 potiar
1347 1541 1352 1550 ·

524 1619 606 1693 sugffl
618 1616 726 1674 videtur
740 1637 817 1693 quam
830 1613 948 1694 Oppius.
1432 1601 1433 1614 ¹

299 1734 310 1794 i
336 1736 449 1815 quidem
472 1737 546 1824 reste
570 1735 669 1795 habeat
690 1737 767 1796 locus
792 1737 913 1805 Suetonii,
930 1736 988 1813 jam
1009 1752 1062 1794 runt
1080 1736 1227 1798 extiterint
1287 1759 1293 1768 ·

318 1853 428 1920 oportet
450 1839 532 1900 Libri
556 1859 662 1922 omnes,
682 1859 750 1918 quot
773 1821 921 1919 pollicetur
944 1839 1052 1899 Auitor
1076 1841 1179 1921 Prologr‘
1196 1843 1232 1901 ad

249 1940 366 2000 Librum
386 1939 456 2000 Belli
478 1939 578 2000 Gallici
589 1939 671 2001 VIII.
712 1939 849 2000 Nondum
866 1953 972 2009 autem,
993 1953 1023 1998 ut
1042 1939 1163 2011 videtur,
1182 1940 1234 2001 sub

243 2041 357 2102 nomine
371 2041 448 2120 Julir'
459 2041 538 2120 Celſs,
552 2041 597 2101 sed
611 2043 692 2123 Oppii
702 2043 835 2104 duntaxat
850 2047 876 2101 dc
889 2041 983 2099 Hr'rtie'.
1018 2039 1157 2119 Erantque
1170 2041 1233 2102 sane

246 2143 330 2202 ambo
344 2141 386 2202 illi
402 2143 504 2222 Casan·
514 2141 578 2202 satis
592 2142 752 2202 familiares.
792 2144 853 2201 Cur
865 2156 956 2200 autem
976 2143 1058 2221 Oppio
1076 2141 1231 2202 tribueren-

247 2257 304 2314 tur,
322 2263 383 2304 eam
406 2241 514 2303 causam
536 2242 599 2303 latis
619 2241 794 2302 verisrmilem
818 2239 887 2301 mihi
911 2241 1006 2300 videre
1028 2241 1138 2312 videor,
1157 2242 1231 2320 quod

245 2343 354 2402 Audlor
373 2341 422 2402 ille
441 2343 599 2421 quicunque
612 2343 724 2401 demum
739 2340 762 2400 ia
777 2340 873 2414 fuerit,
896 2341 981 2400 Balbo
994 2329 1143 2422 Prologum
1155 2342 1234 2402 suum

246 2427 424 2524 inscripserit.
454 2443 540 2504 Erant
554 2442 630 2502 enim
643 2442 707 2502 sane
720 2443 820 2524 Oppius
834 2457 915 2520 atque
928 2441 1028 2511 Balbus
1041 2442 1235 2504 neeeffitodine

246 2542 349 2621 aliqua,
382 2563 465 2622 quam
492 2542 638 2613 nescimus,
667 2558 698 2602 ut
725 2543 836 2602 videtur
862 2541 985 2603 invicem
1012 2543 1231 2621 conjunclillrmi.

244 2643 329 2704 Forte
348 2644 433 2704 officii
456 2643 571 2722 alicujus
594 2644 673 2703 causa
693 2641 834 2720 utriusque
856 2663 930 2703 curae
951 2665 968 2702 a
992 2646 1098 2718 Caesare
1117 2645 1229 2704 crediti.

245 2742 331 2800 Certe
354 2753 454 2819 utrique
474 2742 618 2820 inscriptae
642 2745 787 2802 nonnullas
811 2742 950 2824 lipiiiolas¹
964 2746 1080 2821 Casan-is
1098 2745 1229 2804 habentne

243 2841 382 2922 hodieque
401 2835 489 2902 Libro
503 2843 679 2920 Ciceronisad
693 2844 808 2904 Atticum
823 2847 880 2906 IX.
914 2847 951 2904 Et
966 2845 1067 2906 Libros
1080 2843 1159 2905 fuisse
1172 2847 1233 2922 Epi-

235 2943 362 3023 stolarum
374 2943 409 3003 ad
422 2955 569 3022 utrumque
583 2945 666 3005 docet
681 2945 781 3005 Gellius
794 2945 828 3007 L.
842 2945 943 3006 XVII.
958 2944 1044 3005 Nou.
1061 2946 1152 3008 Attio.
1165 2965 1194 3006 c.
1203 2969 1234 3026 9.

244 3044 294 3124 qui
314 3045 451 3104 rationem
476 3043 567 3115 addit,
595 3045 673 3124 quod
689 3069 734 3104 res
756 3051 811 3126 ejus
838 3046 948 3123 absentis
974 3055 1101 3116 carcirem.
1130 3049 1234 3106 Literar

242 3149 338 3224 curaffe
357 3146 441 3206 docet
458 3146 542 3206 Cicer.
556 3147 592 3205 ad
605 3149 703 3225 Qr'nt.
718 3147 754 3207 fr.
769 3148 824 3227 Ep.
840 3169 869 3209 r.
910 3151 945 3209 Se
958 3165 1049 3209 aurem
1063 3145 1140 3210 Bello
1153 3148 1235 3208 Alex-

124 3299 130 3304 .
245 3248 352 3306 andrina
370 3261 451 3325 atque
471 3249 601 3326 Africano
618 3248 727 3330 abfirsse
747 3248 843 3309 lubens
857 3249 984 3332 agnoscit
998 3248 1230 3328 PrologiAullor.

245 3349 299 3410 Sed
322 3345 438 3423 absentia
455 3346 504 3408 illa
524 3349 647 3424 Caesaris,
667 3365 725 3410 erat
739 3350 770 3410 in
784 3349 888 3421 calm,
909 3349 1054 3430 siquidem
1068 3369 1103 3408 ex
1117 3349 1232 3429 Epr'slalis

246 3469 263 3507 a
287 3449 406 3507 Cicerone
431 3448 598 3508 conservatio
618 3449 701 3510 liceat
726 3451 761 3510 de
787 3449 901 3528 reliquis
922 3450 1063 3531 augurati.
1103 3451 1232 3529 spectant

244 3547 320 3608 enim
339 3548 394 3606 illae
412 3548 446 3606 ad
466 3547 555 3627 prima
574 3549 643 3608 Belli
659 3549 756 3610 Ciuilr's
769 3549 861 3610 initia.
903 3550 946 3609 Ex
960 3550 1003 3610 hia
1015 3551 1103 3631 igitur
1117 3550 1230 3629 Epistolis
1292 3560 1297 3570 “

244 3650 279 3710 ad
306 3650 417 3730 Oppium
442 3649 515 3708 datia
542 3669 632 3710 rerum
656 3652 792 3731 gestarum
815 3651 961 3712 memorias
982 3650 1108 3730 accipere
1127 3651 1231 3730 potuit,

243 3749 325 3829 nquis
345 3747 441 3828 junior
459 3749 540 3829 Oppii
554 3751 668 3812 nomine
687 3750 788 3811 Libros
805 3750 943 3812 edidisset.
984 3751 1027 3811 Ita
1046 3752 1103 3822 liet,
1123 3767 1153 3811 ut
1171 3749 1233 3833 pari
