2866 4754
216 409 263 502 84
457 404 523 479 'C.
549 407 686 500 Jusrr
712 406 923 482 Cassan

215 581 296 654 loco
312 579 485 678 superiore
501 579 660 678 mittere:
688 600 727 656 ut
750 605 900 681 quaque
915 602 992 678 pars
1009 575 1200 654 castrorum

215 701 345 774 nudata
373 699 609 776 defensoribus
636 701 749 801 premi
775 701 971 791 videbatur,
1004 724 1047 775 eo
1075 725 1209 790 occur·¹

149 877 152 882 -
213 836 302 914 rere,
329 827 362 896 u
388 821 558 896 auxilium
581 820 694 898 serres
729 823 789 898 sed
815 825 883 897 hoc
907 811 1073 920 superari,
1101 821 1200 918 quod

213 941 455 1018 diuturnitate
469 968 598 1042 pugnae
622 943 736 1019 hostes'
757 943 874 1019 deseffi
900 941 1025 1041 proelio
1049 942 1198 1016 excede·

213 1064 314 1153 bant,
345 1062 403 1136 alii
431 1063 573 1162 integris
599 1063 730 1138 viribus
759 1063 1012 1139 succedebant:
1050 1081 1199 1160 quarum

106 1205 108 1208 ·
213 1208 329 1258 rerum
350 1209 371 1258 a
396 1183 518 1257 nostris
536 1203 676 1282 propter
693 1184 904 1283 paucitatem
920 1183 995 1258 fieri
1019 1182 1105 1258 nihil
1131 1195 1196 1280 po-

213 1323 323 1391 terat3
352 1329 392 1378 ac
418 1331 490 1381 non
508 1305 616 1378 modo
633 1303 762 1379 defesso
779 1331 825 1380 ex
842 1331 964 1405 pugna
992 1301 1197 1394 excedendi,

212 1424 271 1500 sed
299 1450 344 1498 ne
371 1423 486 1498 saucio
511 1425 656 1523 quidem
684 1424 756 1524 ejus
784 1426 868 1516 loci,
897 1426 959 1499 ubi
987 1423 1197 1514 constiterat,
1262 1439 1264 1448 ’

213 1544 447 1644 relinquendi,
473 1571 514 1619 ac
531 1545 580 1619 sui
597 1545 786 1644 recipiendi
802 1545 955 1621 facultas
964 1547 1124 1619 dabatur.

263 1669 308 1740 V.
345 1671 468 1764 Qum
495 1665 572 1766 jam
606 1667 754 1765 amplius
787 1667 879 1742 horis
913 1692 954 1741 vr
983 1659 1200 1740 continenter

215 1791 444 1887 pugnaretur,
471 1813 512 1863 ac
539 1815 612 1862 non
635 1785 747 1862 solum
776 1789 880 1882 vires,
907 1785 966 1862 sed
995 1785 1102 1860 etiam
1129 1785 1199 1858 tela
1221 1859 1229 1877 ,

215 1907 340 1982 nostris
365 1910 566 2002 deficerent,
608 1932 714 2009 atque
742 1910 855 1984 hostes
880 1909 990 1984 acrius
1020 1905 1196 1996 instarent,

212 2024 560 2130 languidioribusque
577 2031 712 2122 nostris,
743 2033 875 2104 vallum
891 2029 1058 2119 scindere,
1078 2032 1111 2101 δι
1129 2026 1196 2101 fos·

211 2151 262 2227 sas
280 2153 458 2252 complere
473 2152 668 2252 coepiffent,
699 2151 820 2251 resque
837 2153 918 2226 effer
929 2148 1006 2249 jam
1022 2149 1068 2223 ad
1083 2167 1196 2222 extre·
1254 2185 1267 2194 κ

211 2299 312 2349 mum
338 2275 507 2370 perdus'ta
524 2273 655 2362 casum,
681 2275 722 2346 P.
734 2273 872 2346 Sextius
886 2273 1046 2362 Baculus,
1075 2269 1196 2369 primi·

213 2391 274 2492 pili
293 2392 465 2482 centurio,
489 2415 596 2490 quem
622 2390 780 2466 Nervico
805 2391 932 2488 proelio
958 2392 1202 2487 compluribus

212 2512 413 2590 confertum
436 2510 637 2586 vulneribus
661 2510 831 2600 diximus,
858 2512 894 2584 δι
910 2509 996 2584 item
1024 2512 1066 2584 C.
1084 2513 1197 2586 Volu·
1251 2509 1255 2514 ”

210 2627 323 2725 senus,
347 2633 505 2708 tribunus
533 2628 698 2721 militurn,
726 2629 779 2704 vir
802 2635 837 2704 δι
854 2628 985 2706 confilii
1009 2629 1131 2729 magni
1162 2633 1197 2705 δι

210 2751 364 2842 virtutis,
392 2753 437 2826 ad
466 2752 619 2826 Galbam
636 2770 834 2839 accurrunt,
861 2769 969 2847 atque
993 2775 1102 2823 unam
1129 2751 1198 2824 else

211 2871 306 2970 spem
324 2870 438 2980 salutis
455 2873 599 2963 docent,
623 2875 662 2962 fi,
679 2869 862 2969 eruptione
877 2867 980 2962 sada,
998 2889 1198 2947 extremum

209 2994 384 3074 auxilium
412 2993 663 3092 experirentur.
713 2995 849 3092 Itaque,
881 2990 1083 3068 convocatis
1114 3017 1196 3068 cen·
1294 2983 1297 2988 ’

211 3115 421 3210 turionibus,
452 3112 607 3189 celeriter
631 3114 756 3190 milites
781 3112 944 3189 certiores
961 3109 1066 3205 facit,
1096 3113 1195 3212 paul·
1302 3177 1310 3191 t

212 3236 313 3336 lisper
326 3235 590 3314 intermitterent
606 3235 788 3334 proelium,
817 3259 858 3308 ac
874 3233 1121 3308 tantummodo
1144 3251 1195 3307 te·
1297 3267 1303 3282 ‘

153 3351 155 3362 ’
212 3356 245 3428 la
271 3357 371 3431 missa
397 3355 613 3455 exciperent,
639 3354 743 3455 seque
768 3381 815 3430 ex
844 3355 965 3430 labore
988 3354 1196 3465 reflectente
1301 3428 1319 3440 ,

212 3473 303 3573 post,
328 3476 410 3550 dato
440 3480 552 3576 signo,
587 3499 634 3550 ex
666 3475 797 3551 castris·
813 3465 1046 3574 erumperent,
1086 3487 1194 3579 atquo

210 3617 356 3672 omnem
372 3595 469 3700 spem
485 3595 601 3684 salutis
615 3593 653 3672 in
673 3595 803 3672 virtute
820 3604 998 3695 ponerent.
