2866 4754
265 401 332 478 118
439 469 443 480 ,
528 373 970 498 C.Juiir.Cn:saitis
1035 387 1048 404 ³

262 583 291 622 “
310 581 344 652 ὅτ
362 577 559 654 cumomni
583 603 687 677 opere
704 576 899 678 conjuncta
916 575 991 654 vim
1009 576 1163 655 fluminis
1183 603 1248 656 ex·

261 705 289 740 “
307 697 487 795 ciperem:
516 703 550 774 δι
576 698 651 774 aliae
669 698 755 774 item
778 697 880 798 supra
908 717 1054 798 pontem
1077 698 1247 777 mediocri

261 823 289 864 “
305 815 441 915 spatio:
469 826 523 911 ut,
553 822 761 896 siarborum
785 820 916 912 trunci,
940 825 1011 896 five
1035 805 1154 912 naves,
1182 822 1246 896 de·

228 1033 237 1040 .
258 946 287 984 “
299 938 446 1038 jiciendi
464 939 590 1039 operis,
618 943 724 1017 essent
740 968 760 1016 a
780 941 936 1028 barbaris
958 939 1080 1034 niissae,
1113 941 1168 1019 his
1182 943 1245 1018 de·

218 1071 220 1077 ’
259 1065 288 1104 “
306 1060 496 1134 senioribus
525 1086 646 1136 earum
675 1088 794 1138 rerum
824 1061 879 1138 vis
910 1061 1136 1157 minueretur,
1174 1089 1246 1140 neu

240 1187 289 1232 ·v“
309 1181 408 1279 ponti
425 1177 629 1257 nocerent.''
732 1210 736 1231 “·

309 1303 445 1376 XVIII.
459 1302 618 1378 Diebus.
639 1330 680 1396 ir,
708 1305 839 1405 quibus
862 1305 1005 1381 materia
1030 1324 1150 1403 coepta
1172 1322 1245 1380 erat
1271 1379 1276 1386 ,

257 1422 486 1521 comportari,
511 1423 609 1499 omni
625 1450 731 1523 opere
747 1427 887 1519 effeclo,
906 1425 1076 1501 exercitus
1087 1424 1243 1514 transdu-

257 1542 360 1619 citur.
410 1544 537 1637 Caesar,
566 1545 612 1620 ad
629 1536 817 1644 utramque
838 1563 974 1646 partem
999 1545 1116 1646 pontis
1140 1548 1244 1622 firmo
1367 1538 1370 1543 ⁸

258 1665 415 1766 praesidio
432 1663 568 1759 relislo,
595 1667 634 1740 in
655 1669 743 1742 fines
764 1666 1028 1768 Sigambrorum
1051 1667 1244 1743 contendit.

257 1787 404 1863 Interim
432 1787 710 1886 acompluribus
732 1786 930 1864 civitatibus
955 1789 1111 1863 adeum
1137 1787 1246 1887 legati

151 1943 156 1950 ⁸
256 1907 418 1998 veniunt,
450 1907 590 2005 quibus,
620 1933 743 2008 pacem
771 1930 878 2008 atque
906 1907 1096 1984 amicitiam
1121 1929 1243 2007 peten-

241 2029 365 2120 tibus,
399 2028 586 2103 liberaliter
611 2028 803 2126 respondit,
826 2028 1028 2130 obsidesque
1048 2029 1095 2104 ad
1119 2026 1154 2104 se
1180 2029 1243 2105 ad-

257 2148 342 2224 duci
369 2145 484 2247 jubet.
533 2153 587 2224 At
613 2148 789 2250 Sigambri
818 2176 864 2253 eit
892 2175 935 2226 eo
964 2151 1153 2249 temp'ore,
1171 2175 1245 2248 quo

257 2295 348 2366 pons
368 2269 500 2344 institui
517 2291 655 2368 coeptus
672 2271 736 2362 est,
751 2269 842 2370 suga
859 2289 1072 2370 comparata,
1101 2271 1244 2346 hortari·
1285 2269 1288 2285 '

256 2389 352 2463 ribus
381 2388 437 2480 iis,
467 2415 556 2488 quos
581 2414 628 2464 ex
648 2391 882 2465 Tenchtheris
910 2409 1017 2488 atque
1040 2391 1244 2489 Usipetibus

186 2501 193 2512 '
228 2581 232 2587 ,
255 2510 354 2609 apud
376 2507 410 2585 se
426 2510 615 2602 habebant,
640 2510 770 2586 finibus
784 2511 851 2587 suis
867 2513 1095 2608 excesserant,
1114 2507 1264 2610 suaque-

251 2630 378 2705 omnia
393 2650 678 2730 exportaverant,
697 2630 801 2732 seque
810 2631 846 2705 in
858 2630 1078 2706 solitudinem
1090 2656 1131 2706 ac
1144 2633 1244 2708 silvas
1285 2691 1293 2708 .

256 2750 473 2826 abdiderant.
839 2745 841 2749 ⁴
949 2779 951 2782 ¹

306 2872 564 2966 XIX..Caesar,
586 2861 716 2974 paucos
732 2871 856 2948 diesin
873 2873 1138 2948 eorumfinibus
1163 2899 1239 2950 mo·

255 3014 362 3086 ratus,
381 2994 545 3072 omnibus
561 2994 646 3070 vicis
662 2991 883 3093 aedificiinue
900 2992 1059 3088 incenfis,
1083 2992 1241 3068 frunien-

256 3115 369 3214 tisque
385 3114 530 3207 succisis,
556 3115 590 3190 se
607 3115 642 3190 in
661 3117 747 3191 fines
762 3113 944 3191 Ubiorum
968 3114 1112 3214 recepit,
1137 3133 1242 3214 atque

256 3237 297 3312 iis
314 3236 486 3312 auxilium
501 3235 604 3312 'suum
620 3235 811 3337 pollicitus,
836 3239 860 3311 si
888 3238 935 3310 ab
959 3236 1080 3312 Suevis
1105 3259 1240 3334 preme·
1269 3315 1272 3323 f

255 3376 392 3448 rentur,
415 3359 491 3432 haec
507 3360 553 3432 ab
570 3357 611 3433 iis
627 3357 819 3457 cognovit:
845 3342 991 3450 Suevos,
1016 3356 1243 3455 posteaquam

256 3502 319 3575 per
336 3480 572 3576 exploratores
589 3496 736 3583 pontem
756 3477 833 3554 fieri
859 3475 1114 3577 comperissent,
1142 3500 1242 3552 more
1289 3553 1296 3566 ,

182 3599 186 3604 ’
253 3595 331 3689 suo,
362 3598 512 3672 concilio
530 3597 665 3687 habito,
689 3597 837 3672 nuncios
853 3596 890 3672 in
906 3617 1029 3674 omnes
1046 3615 1161 3695 partes
1185 3595 1241 3669 di·

186 3715 189 3721 ’
255 3716 394 3810 misisse,
423 3717 475 3794 uri
491 3720 538 3794 de
553 3716 693 3819 oppidis
708 3718 959 3822 demigrarent,
985 3717 1124 3810 liberos,
1148 3704 1255 3795 uiro·⁴
1351 3739 1355 3746 ·
