2814 4754
360 409 411 462 ιιι
435 387 568 462 Brito
590 385 779 486 Gnttrco
804 387 898 464 er.
915 387 995 464 Vll.
1106 413 1173 466 ιιι

191 559 283 634 bum
303 557 386 632 dato
410 559 509 658 figno
535 577 769 646 concurrunt,
796 556 958 658 civesque
979 559 1181 650 Romanos,

192 705 254 778 qur
246 677 480 780 negotiandi
497 681 613 756 cauffa
635 677 685 754 ibi
713 678 954 770 constiterant,
975 677 1032 775 (in
1059 675 1114 752 hrs
1135 675 1181 751 C

104 851 115 862 -
191 801 336 898 Fufium
353 800 497 892 Citam,
532 801 717 906 honestum
756 799 914 898 equitem
959 801 1181 890 Romanum,

70 939 74 952 ·
191 919 255 1020 qui
272 945 323 996 rer
313 918 591 1015 frumentariae,
603 918 700 1020 juffu
721 919 877 1011 Caesaris,
897 919 1088 1020 praeerat)
1078 938 1184 994 ruter-

189 1041 343 1128 ficiunt3
369 1044 534 1142 bonaque
558 1065 682 1117 eorum
711 1039 893 1138 diripiunt.
943 1041 1112 1118 Celeriter
1136 1040 1184 1117 ed

191 1187 319 1236 omnes
336 1163 461 1236 Galliae
491 1161 654 1236 civitates
670 1160 765 1235 fama
787 1161 964 1259 perfertur.
1013 1171 1042 1208 “
1069 1165 1184 1255 Nam,

191 1279 303 1358 “ubi
329 1280 442 1380 major
466 1300 574 1381 arque
595 1279 770 1356 inlustrior
791 1281 915 1356 incidit
932 1307 1000 1372 res,
1025 1283 1182 1360 clamore

195 1411 224 1448 “
243 1427 306 1502 per
333 1429 437 1502 agros
465 1401 693 1504 regionesque
719 1402 929 1503 fignificant.
990 1405 1109 1478 Hunc
1126 1401 1186 1478 alii

193 1531 226 1588 “-
241 1523 405 1623 deinceps
438 1524 634 1625 excipiunt,
670 1529 705 1598 δι
738 1523 908 1624 proximis
939 1525 1110 1611 tradunt3
1146 1541 1187 1598 ut

194 1652 222 1689 “
239 1665 317 1720 tum
344 1644 507 1740 accidit.”
566 1649 678 1739 Nam,
697 1672 777 1746 quae
794 1645 933 1722 Genabi
957 1649 1089 1722 oriente
1105 1645 1186 1722 Sole

133 1755 137 1760 ¹
195 1767 292 1866 gesta
314 1767 437 1859 effent,
460 1786 541 1842 ente
570 1767 724 1866 primam
749 1767 946 1844 confectam
961 1765 1158 1874 vigiliam'
1148 1791 1187 1840 ιιι

193 1875 324 1964 finibus
340 1893 584 1962 Arvernorum
599 1889 717 1963 audita
727 1887 828 1962 sunt:
856 1889 954 1987 quod
970 1887 1120 1987 spurium
1135 1887 1187 1962 est

191 2007 334 2083 milium
350 2007 489 2083 circiter
510 2032 599 2082 etx.

243 2133 311 2204 IV.
346 2129 460 2204 Simili
491 2127 627 2204 ratione
656 2128 708 2204 ibi
738 2125 1038 2228 Vercingetorix,
1055 2125 1187 2204 Celtilli

195 2246 304 2339 filius,
323 2239 519 2340 Arvernus,
537 2247 682 2325 summae
698 2245 866 2350 ‘potentie
888 2245 1099 2360 adolescens,
1125 2275 1187 2324 cu·

187 2363 249 2470 jus
264 2389 364 2469 parer
384 2371 621 2470 principatum
639 2369 766 2449 Galliae
786 2369 893 2446 totius
909 2369 1122 2463 obtinuerat,
1151 2373 1187 2448 bt

194 2492 335 2566 obeam
351 2485 517 2585 mulsam,
537 2495 634 2591 quod
650 2517 801 2594 regnum
817 2493 1018 2592 adpetebat,
1036 2494 1083 2567 ab
1099 2490 1186 2566 civi·

195 2631 267 2688 tate
293 2632 366 2688 erat
395 2611 610 2706 interfectus,
641 2612 844 2690 convocatis
883 2612 951 2689 suis
988 2611 1187 2714 clientibus,

134 2783 137 2792 .
195 2730 295 2810 facile
327 2734 494 2812 incendit.
544 2735 699 2836 Cognito
727 2733 800 2836 ejus
835 2735 991 2828 confilio,
1020 2734 1066 2809 ad
1090 2759 1188 2810 arma

196 2855 437 2932 concurritur:
465 2857 511 2929 ab
523 2855 773 2949 Gobanitione,
794 2878 918 2956 patruo
934 2858 1011 2950 suo,
1031 2853 1185 2955 reliquis·

198 2997 269 3072 que
303 2973 536 3071 principibus,
571 2975 633 3071 qui
664 2977 755 3051 hanc
776 2979 981 3056 terrendam
1009 2976 1188 3051 fortunam

199 3117 272 3168 non
288 3094 545 3184 existimabant,
569 3094 755 3192 expellitur
771 3121 817 3172 ex
828 3121 829 3130 ¹
841 3097 975 3197 oppido
998 3093 1188 3194 Gergovia:

198 3215 286 3290 Non
301 3212 431 3288 destitit
447 3233 579 3303 tamen,
596 3232 702 3311 atque
718 3214 755 3288 in
778 3215 871 3316 agris
895 3218 1002 3290 habet
1018 3215 1187 3292 diledtum
1287 3249 1300 3274 ν

198 3332 381 3436 egentium
412 3349 455 3410 ae
487 3333 715 3432 perditorum.
781 3337 865 3410 Hae
907 3320 1047 3430 coedit,
1066 3359 1187 3428 manu,

162 3493 164 3498 ·
198 3454 441 3555 quoscumque
462 3453 535 3529 adit
557 3481 603 3530 ex
620 3453 774 3548 civitate,
792 3456 839 3540 ad
862 3453 958 3532 suam
981 3456 1187 3563 sententitm

145 3657 153 3678 ἱ
200 3576 381 3675 perducit:
404 3575 578 3672 hortatur,
593 3597 647 3670 ur,
662 3577 862 3655 communis
879 3578 1045 3654 libertatis
1058 3580 1187 3671 cautla,

201 3721 297 3776 erma
313 3696 453 3800 capiant
467 3725 476 3773 ι
504 3698 708 3801 magnisque
725 3699 851 3776 coactis
876 3700 1000 3800 copiis,
1018 3698 1185 3792 ¹aduersa·
