2850 4752
263 385 337 482 ib!
466 392 579 476 C
605 371 986 496 inmensum
1224 385 1229 392 ’

260 569 454 670 turmisque
483 561 659 670 equitum,
690 559 956 644 &cohortibus
988 563 1094 656 visis,
1115 561 1260 672 quasso

260 687 358 790 sequi
387 687 546 790 jusserat,
580 707 620 764 ut
644 691 691 763 de
719 687 803 771 locis
830 685 1063 786 superioribus
1089 685 1187 761 hoec
1195 687 1258 761 de·

260 808 367 884 clivia
383 813 416 883 δι
434 807 571 892 devexa
587 809 840 898 cernebantur,
847 806 960 880 ho‘stes
975 805 1144 908 proelium
1157 830 1259 882 com·

260 925 419 1002 mittunt.
469 915 664 1026 Utrimque
680 917 848 1001 clamore
851 923 1037 1016 sublato,
1016 923 1154 1031 excipit
1181 947 1257 997 rur

245 1039 315 1121 'sus'
335 1069 383 1121 ex
398 1043 502 1121 villo
515 1067 623 1146 atque
639 1029 805 1120 omnious
831 1043 1087 1122 munitionibus
1115 1043 1257 1118 clamor.

225 1147 395 1255 'Noun'
414 1160 542 1240 omiss'ts
558 1163 651 1264 pilis,
656 1165 796 1300 gl‘adiis
812 1189 888 1273 rent
903 1181 1043 1263 gerunt.
1094 1163 1258 1261 Repente

259 1267 351 1396 post
351 1271 497 1398 teigutn
513 1271 686 1402 equitatus
702 1283 874 1364 cernitur:
907 1283 1080 1360 Cohortes
1096 1277 1175 1357 aliae
1196 1283 1259 1357 ad·

259 1419 527 1502 proprnquant
566 1389 707 1478 hostes
713 1396 812 1512 tergo
837 1421 1002 1478 vertunt.
1041 1399 1259 1502 fugientibus

259 1519 397 1619 equites
430 1532 644 1597 occurrunt:
686 1523 729 1595 fit
757 1547 889 1623 magna
913 1519 1055 1596 caedes:
1081 1521 1258 1616 sedulius,¹
1327 1519 1331 1528 ’

256 1640 336 1716 dux
349 1644 384 1716 δι
400 1640 572 1753 princeps
584 1640 839 1744 Lemovicum,
858 1639 1054 1716 occiditur.
1081 1641 1257 1740 Vergafil-

257 1758 385 1834 lautius
401 1749 595 1835 Arvernus
619 1756 723 1834 vivus
748 1759 787 1832 in
804 1757 890 1858 fuga
906 1759 1257 1857 comprehenditur.

256 1880 356 1978 signa
389 1876 551 1952 militaris
594 1873 715 1952 nxr'trv
752 1878 798 1952 ad
831 1877 1001 1952 Caesarem
1034 1876 1254 1956 reseruntur:

256 1998 361 2122 pauci
376 2021 423 2073 ex
438 1987 537 2072 tanto
554 2021 700 2073 numero
717 1995 751 2070 se
772 1997 996 2072 incolumes
986 2023 1022 2072 tn
1039 1997 1148 2073 castra
1168 2001 1256 2080 reci·

256 2113 374 2222 piunt'.
418 2116 673 2216 Conspicati
664 2140 711 2190 ex
732 2114 870 2214 oppido
898 2116 1034 2191 caedem
1068 2120 1103 2191 δι
1131 2115 1256 2218 fugam

253 2232 413 2326 suorum,
442 2235 621 2334 desperata
652 2235 772 2328 salute,
801 2235 921 2335 copias
948 2262 969 2313 a
998 2235 1255 2314 munitionibus

199 2407 201 2410 -
254 2353 439 2430 reducunt.
489 2357 548 2430 Fit
578 2356 752 2460 protinus,
770 2357 836 2430 hae
861 2381 900 2428 re
926 2354 1055 2446 audita,
1074 2380 1121 2430 ex
1137 2357 1255 2434 castris

254 2474 443 2549 Gillorum
475 2473 572 2575 fuga.
621 2475 731 2574 Quod
759 2475 823 2549 nist
850 2474 980 2576 crebris
1012 2475 1183 2567 subfidiis,
1214 2499 1264 2553 ac·x

253 2593 361 2676 totius
377 2593 448 2668 diei
463 2595 582 2668 labore
599 2594 727 2668 milites
749 2595 857 2667 effent
874 2581 1006 2685 defesfi,
1025 2618 1147 2669 omnes
1176 2595 1251 2670 hos·
1323 2623 1326 2634 ·

252 2709 346 2784 tium
379 2712 500 2809 copiae'
528 2711 636 2786 deleri
666 2711 869 2808 potuiffent.
929 2715 987 2788 De
1008 2715 1125 2788 media
1148 2717 1250 2791 nobie

251 2826 375 2904 ntiffus
392 2829 578 2927 equitatusv
594 2829 828 2905 noviffimum·
843 2833 975 2931 agmen
1003 2831 1247 2932 consequitur:

250 2970 404 3048 magnus
426 2947 593 3023 numerus
608 2949 758 3048 capitur,
785 2967 890 3050 atque
909 2951 1145 3036 interficitur:
1172 2955 1248 3030 reli·

250 3065 314 3170 qui
332 3091 379 3142 ex
392 3065 480 3167 fuge
494 3066 532 3142 in
549 3066 706 3147 civitates
719 3067 912 3146 discedunt.
1069 3085 1072 3092 '

298 3177 515 3266 Lxxxtx.
540 3187 686 3264 Po'steno
700 3189 760 3264 die
784 3189 1067 3288 Vercingetorix,
1096 3193 1248 3270 concilio

247 3325 459 3397 convocato,
490 3312 520 3351 “
552 3305 591 3383 id
613 3307 648 3383 se
664 3310 801 3384 bellum
817 3307 997 3414 suscepisse
1018 3335 1091 3384 non
1108 3309 1247 3387 suarum

238 3429 281 3476 =“
295 3427 551 3518 necesfitctum,
578 3425 639 3502 sod
666 3427 868 3506 communis
898 3428 1067 3510 libertatis
1092 3427 1248 3522 cauffa,’‘

245 3541 490 3632 demonstran
525 3551 554 3590 “
584 3549 635 3636 δε,
665 3545 887 3644 quoniam:
863 3550 887 3622 s
887 3567 904 3622 t
933 3547 1084 3625 fortune
1117 3537 1247 3625 ceden-

247 3665 277 3716 “
291 3659 398 3752 dum,
430 3665 479 3742 sd
509 3681 700 3770 utramque
726 3692 802 3745 rem
832 3666 965 3744 suillis
896 3667 1151 3763 menotense,
1187 3665 1246 3744 seu
