2850 4752
118 308 171 383 ⁹*
272 373 345 474 30⁶
425 316 482 332 ΙΙ
632 361 899 478 A.Hrnrrr

272 537 399 636 sendosv
417 536 628 638 judicabat-3
659 555 784 636 ‘neque
808 555 882 612 non
906 532 1015 634 usque
1043 557 1089 613 eo
1108 531 1272 639 legiones

272 659 526 748 admovendas,
552 677 595 732 ut
611 655 787 734 discedere
804 681 850 731 ex
868 681 911 730 eo
931 657 1013 730 looo
1027 660 1272 756 ,finepericulo

234 849 237 854 A
273 779 428 870 barbari,
467 777 636 866 militibus
665 777 884 867 instantibus,
918 801 992 862 non
1021 779 1184 876 possent:
1212 783 1272 859 ¹ita

273 925 388 1000 quurp
405 899 572 996 paludem
589 897 785 995 inpeditam
802 923 823 970 a
839 897 958 974 castris
974 898 1082 979 castra
1096 897 1270 994 dividere,

271 1022 376 1120 (que
393 1017 590 1094 transeundi
612 1017 799 1094 difficultas
823 1016 1039 1102 celeritatem
1064 1017 1271 1118 insequendi

273 1140 409 1218 tardare
426 1141 539 1238 posset
553 1141 587 1235 ς)
614 1157 720 1236 atque
743 1136 780 1212 id
794 1135 942 1236 jugum,
971 1139 1069 1235 quod
1091 1153 1188 1226 trans
1212 1169 1271 1240 pa·

274 1261 397 1354 ludens
423 1285 526 1360 paene
550 1260 597 1334 ad
618 1258 769 1346 hostiurn
795 1257 905 1334 castra
932 1257 1133 1364 pertineret,
1161 1262 1271 1352 medi.

275 1379 349 1456 ocri
365 1367 457 1456 valle
473 1407 494 1456 a
511 1379 625 1467 castris
644 1405 783 1462 eorum
795 1375 996 1478 intercisum
1021 1377 1184 1454 animum
1211 1381 1272 1456 ad·

142 1523 164 1536 ··
229 1583 230 1587 ,
276 1491 448 1588 vbrteret3
473 1499 643 1598 pontibus
655 1499 787 1597 palude
796 1499 981 1588 constrata,
995 1497 1155 1598 legiones
1166 1478 1305 1576 trans
1356 1537 1358 1544 ·

274 1620 390 1712 ducit,
408 1619 635 1718 celeriterque
652 1619 689 1692 in
706 1619 883 1694 summam
894 1617 1085 1726 ¹planitiem
1096 1616 1180 1718 jugi
1196 1645 1272 1719 per·

276 1738 398 1828 venit3
429 1765 509 1838 quae
538 1738 667 1814 declivi
693 1738 835 1838 fastigio
861 1732 1078 1817 duobus-ab
1105 1740 1274 1818 lateribus
1317 1839 1322 1846 „

275 1859 513 1934 muniebatur
564 1861 621 1945 Ibi
638 1860 839 1959 legionibus
858 1857 1033 1934 instructis
1046 1857 1092 1932 od
1103 1859 1273 1936 ultimum

269 1978 402 2082 jugum
432 1979 621 2077 perveniri
658 1979 843 2078 aciemque
873 2005 917 2056 eo
949 1967 1030 2054 loco
1063 1979 1247 2060 constituit
1259 2007 1271 2068 ς

275 2101 371 2180 unde
387 2117 567 2188 tormento
584 2099 686 2176 missa
703 2103 773 2176 tela
788 2100 827 2174 in
854 2099 1010 2176 hostium
1028 2123 1180 2180 cuneos
1189 2114 1273 2184 con-

268 2218 332 2322 jicr
324 2219 501 2316 onlsent

144 2351 151 2366 ·
203 2353 218 2370 “
322 2339 406 2436 XV.
431 2337 571 2414 Barbari
590 2300 711 2415 consrfi
728 2339 798 2415 loci
813 2300 951 2430 natura,
970 2366 1085 2440 quum
1104 2291 1274 2424 dirni'cert
1308 2439 1315 2458 ,

215 2525 227 2546 ,
272 2484 345 2533 non
360 2444 570 2551 recusarent,
598 2458 727 2535 fisorte
750 2461 910 2548 Romani
927 2459 1040 2544 subire
1061 2461 1197 2544 eolletn
1211 2487 1275 2540 co

275 2597 453 2671 narentur,
479 2579 735 2680 patdlatimque
751 2580 874 2684 copias
883 2577 1083 2659 distribotas
1095 2579 1274 2662 'dimittere

274 2723 349 2772 non
372 2698 570 2790 auderent„
586 2724 631 2773 ne
654 2699 793 2796 disperfi
820 2703 1120 2800 perturbarentur,
1143 2701 1183 2778 in
1199 2701 1275 2779 acie

210 2878 215 2886 ,
274 2815 539 2915 permanserir‘nt
552 2845 566 2891 r
591 2845 746 2917 quorum
763 2821 956 2919 pertinacia
972 2819 1128 2920 cognita,
1146 2820 1274 2931 Caesar,

276 2961 328 3013 xx
340 2935 546 3013 cohortibus
562 2937 751 3030 instructis,
770 2943 1012 3048 castrisque'eo
1029 2943 1111 3019 loco
1121 2941 1277 3032 metatis,

143 3155 148 3164 Ι
273 3057 404 3134 muniri
414 3037 518 3155 jubet
535 3058 655 3136 castra.
698 3061 880 3138 Absolutis
908 3062 1091 3166 operibus,
1115 3061 1273 3162 legiones

275 3203 356 3314 pro
354 3179 449 3252 vallo
465 3173 644 3268 instruslns
660 3184 847 3266 conlocate
871 3183 1006 3283 equites
1021 3179 1162 3262 frenatis
1173 3180 1278 3282 equis

273 3299 311 3374 in
328 3297 534 3374 stationibus
546 3299 719 3410 disponit.
766 3303 961 3395 Bellovaci,
988 3329 1111 3404 quum
1132 3305 1271 3399 Roma·

275 3443 340 3492 nos
357 3419 402 3493 ad
420 3401 674 3518 insequendum
691 3441 840 3519 paratos
849 3423 1021 3514 viderent,
1047 3447 1182 3520 neque
1190 3445 1271 3520 per·

274 3538 429 3628 nodare,
446 3559 508 3622 aut
523 3539 655 3616 diutius
679 3565 892 3640 permanere
896 3545 968 3619 fine
983 3527 1119 3622 cibariis
1143 3543 1273 3618 eodem

274 3654 356 3730 loco
373 3648 525 3752 possent,
549 3661 619 3744 tale
634 3660 818 3740 consiliunt
830 3661 881 3738 sui
898 3660 1115 3766 recipiendi
1105 3661 1273 3754 inierunt,
