2814 4754
356 365 407 432 nn
431 340 563 418 Bruto
581 338 771 416 Gnnueo
794 337 888 414 Lrn.
905 337 970 416 VI.
1083 327 1150 444 19'3

164 513 278 594 modo
304 539 391 593 curn
417 513 546 594 AEduis
566 513 734 618 conjungi
762 533 936 616 poterant,
963 508 999 591 se
1026 514 1152 593 Remis

160 637 204 712 in
229 637 626 717 clientelamtditabant.
676 639 759 716 Hos
787 638 838 713 illi
864 636 1049 738 diligenter
1072 658 1149 714 tue·

161 759 304 866 bantur.
353 761 406 836 Ite
420 763 456 836 δι
470 784 617 856 novam,
648 765 683 837 &
700 779 842 861 repente
857 760 1051 834 concnam
1066 784 1151 836 auc·

158 879 343 958 toritatem
367 885 544 960 tenebant.
595 885 652 958 Eo
677 902 757 958 tum-
783 882 874 956 statu
900 905 954 956 res
971 901 1052 978 ,erat
1064 909 1077 973 ς
1110 899 1152 958 ut

151 1001 270 1104 vlonge
299 983 471 1104 printipes
493 1007 703 1080 haberentur
730 1001 856 1094 AEdui‚
878 1001 1069 1078 secundum
1095 1005 1149 1078 Io-

157 1101 247 1200 cuin
263 1124 441 1228 dignetis
458 1125 568 1202 Remi
584 1123 793 1201 obtinerent.
1086 1225 1093 1243 ι

212 1246 317 1320 XIII.
343 1250 371 1288 “
388 1247 433 1318 In
455 1244 555 1320 omni
578 1242 696 1334 Gallia
716 1268 837 1318 eorum
861 1241 1063 1334 huminum,
1089 1245 1151 1344 qui

160 1369 195 1409 “
214 1364 337 1463 aliquo
352 1363 431 1438 sunt
452 1391 600 1440 nurnero
625 1384 731 1464 atque
758 1367 903 1456 honore,
930 1389 1060 1469 genera
1075 1363 1153 1440 sunt

162 1490 198 1529 “
213 1485 297 1560 duo.
337 1487 438 1561 Nam
453 1487 573 1585 plebes
588 1511 689 1586 paene
704 1484 884 1562 servorum
896 1487 1044 1562 habetur
1057 1488 1152 1582 loto,

162 1611 194 1650 “
208 1631 293 1706 quae
308 1607 420 1707 perse
434 1608 523 1682 nihil
546 1610 668 1710 auden
696 1613 731 1684 δι
747 1608 1051 1685 nulluadhibetur
1067 1635 1152 1686 con-

162 1733 194 1773 “
211 1725 296 1804 filio.
337 1729 514 1828 Plerique,
539 1755 653 1829 quum
668 1750 729 1805 aut
744 1757 812 1806 aere
828 1729 956 1822 alieno,
972 1749 1034 1806 aut
1049 1757 1151 1832 mag-

164 1854 194 1895 “
212 1845 370 1934 nitudine
405 1849 629 1940 tributorum,
663 1869 725 1923 aut
760 1848 885 1948 injuria
917 1850 1152 1947 potentiorum

164 1975 195 2015 “
211 1989 431 2069 premuntur,
448 1969 527 2062 ‚sese
549 1971 586 2044 in
607 1968 807 2044 servitutem
822 1968 942 2044 dicant
962 1968 1151 2047 nobilibus.

165 2095 194 2136 “
211 2094 255 2166 In
267 2093 333 2166 hos
350 2092 475 2166 eadem
493 2091 618 2166 ¹onmia
633 2090 711 2164 sunt
730 2087 823 2187 jura,
847 2115 927 2188 quae
945 2090 1100 2171 dominis
1116 2091 1154 2167 in

165 2217 195 2268 ‘·‘
211 2209 341 2286 seruos.
390 2211 459 2284 Sed
481 2211 528 2285 de
552 2211 607 2284 his
633 2211 771 2285 duobus
793 2210 979 2310 generibus
1003 2212 1153 2290 alterurn

165 2336 196 2402 ‘.‘
214 2329 267 2405 est¹
281 2330 475 2422 Druidum,
499 2331 649 2406 alterum
668 2333 854 2431 Equitum.
894 2332 949 2408 Illi
967 2334 1071 2410 rebus
1096 2335 1151 2410 di-

161 2458 196 2498 “‘
213 2450 306 2530 vinis
323 2450 502 2546 inte'rsunt,
525 2448 692 2528 sacrificia
707 2453 903 2554 publicaue
917 2453 1053 2553 privata
1069 2481 1151 2555 pro-

98 2611 101 2620 *
166 2577 195 2616 “
212 2593 350 2665 curant,
375 2573 562 2674 religiones
578 2573 874 2674 interpretantur:
902 2569 947 2650 ed
963 2577 1029 2650 hos
1051 2599 1152 2678 mag·

167 2697 194 2736 “
212 2719 277 2768 nus
309 2693 581 2772 adoiescentium
614 2723 781 2774 numerus
811 2695 1003 2798 discipline
1038 2701 1153 2776 cauffa

167 2820 196 2860 “
212 2815 409 2904 concurrit3
435 2843 639 2924 magnoque
655 2819 681 2892 ii
702 2819 782 2896 sunt
804 2820 902 2918 apud
926 2844 985 2894 eos
1006 2821 1172 2904 honore..

167 2941 196 2981 “
214 2936 314 3009 Nam
340 2935 412 3010 fere
440 2939 487 3012 de
515 2939 681 3013 omnibus
713 2941 969 3031 controverfiis,
1004 2941 1155 3037 publicis

115 3061 126 3164 ‘-
165 3061 199 3102 '“
217 3053 440 3155 priuatisque,
479 3058 720 3150 constituunt3
755 3064 804 3150 &,
834 3063 857 3135 fi
888 3061 986 3159 quod
1014 3061 1064 3134 est
1092 3061 1155 3136 ad·

169 3181 197 3222 “
208 3175 361 3252 rniffurn
376 3173 522 3268 facinus,
550 3179 704 3252 sr-taedes
721 3178 824 3271 fana,
849 3181 936 3253 fide
951 3181 1155 3274 hereditate,

169 3305 199 3360 ’ἕ
217 3297 304 3374 fide
322 3296 451 3374 finibus
467 3301 699 3372 controverfia
716 3297 780 3390 est,
807 3298 917 3372 iidem
938 3301 1132 3376 decernunt
1142 3331 1154 3390 ς

169 3417 362 3520 ’(ιρτειηίε.
382 3419 573 3519 poenasque
600 3419 837 3494 constituunt:
865 3423 889 3495 u
918 3419 980 3519 qui
1005 3441 1064 3496 aut
1081 3422 1158 3522 pri·
1218 3487 1219 3496 ,

135 3563 137 3572 ’
170 3545 316 3617 “uatus
344 3559 405 3616 aut
434 3540 597 3640 publicus
624 3565 747 3618 eorum
775 3543 917 3618 decreto
943 3567 1016 3618 non
1045 3543 1152 3640 stetit,

171 3669 198 3710 “
216 3655 388 3743 sacrificiis
403 3662 636 3742 interdicunt·
678 3665 771 3740 Haec
789 3689 897 3764 poena
920 3664 1015 3764 apud
1032 3691 1091 3742 eos
1108 3665 1157 3740 est

655 3787 691 3858 Ο
