2866 4754
196 397 262 468 108
381 444 385 454 ·
455 392 890 489 C.Jut11‘,'CAEsnnrs
967 461 970 468 .

190 565 282 665 agris
305 567 451 664 expulsi,
476 571 510 640 dt
527 567 643 642 multis
656 567 851 642 Germaniae
868 565 954 640 locis
977 563 1165 640 triennium

190 686 320 785 vagati,
346 685 391 760 ad
416 690 584 762 Rhenum
613 707 864 786 pervenerunt:
898 711 983 785 quas
1007 685 1165 787 regiones

190 806 351 904 Menapii
367 806 580 899 incolebant,
599 813 632 882 ὅτ
655 809 698 881 ad
720 828 905 907 utramque
922 806 1033 903 ripam
1053 806 1165 881 flumi-

190 925 244 1002 nis
262 951 378 1026 agros,
395 926 554 1018 aedificia,
574 927 736 1025 vicosque
752 930 938 1003 habebant.
980 927 1047 1000 Sed
1062 945 1165 1000 tantae

191 1047 424 1121 multitudinis
439 1047 535 1122 aditu
553 1047 734 1146 perterriti,
758 1073 804 1122 ex
819 1047 871 1121 his
894 1047 1061 1138 aedificiis,
1088 1073 1168 1144 quae

190 1170 442 1242 transflumen
472 1169 675 1258 habuerant,
712 1167 1017 1266 demigraverunt;
1056 1173 1089 1241 δι
1120 1167 1167 1241 cis

191 1289 362 1362 Rhenum
374 1283 541 1384 dispositis
554 1289 918 1386 praesrdiis'Germanos
933 1279 1077 1362 transire¹
1087 1288 1169 1386 pro?

192 1403 371 1482 bibebant.
422 1407 490 1498 lui,
525 1406 645 1481 omnia
670 1408 817 1505 experti,
853 1432 965 1505 quum
995 1417 1108 1506 neque
1133 1406 1170 1481 vi

194 1526 415 1616 contendere,
435 1547 576 1623 propter
597 1526 752 1622 inopiam
769 1527 926 1616 navium,
950 1551 1065 1624 neque
1080 1528 1172 1600 clam

195 1649 346 1736 transire,
375 1662 515 1742 propter
542 1645 711 1724 custodias
729 1645 993 1742 Menapiorum,
1022 1648 1171 1742 pollent,

192 1765 315 1839 reverti
357 1763 390 1838 se
422 1764 458 1837 in
476 1839 479 1843 ,
496 1763 572 1840 suas
605 1765 699 1840 sedes
731 1763 955 1865 regionesque
989 1765 1171 1838 simulare·

136 1923 138 1930 ·
171 1881 297 1970 runt:
323 1883 478 1960 &tridui
495 1885 588 1960 viam
613 1889 776 1985 progreffi
801 1884 909 1959 rursus
934 1895 1170 1959 reverterunt:

193 2025 298 2108 atque
313 2007 411 2080 omni
428 2008 496 2080 hoc
513 2005 647 2096 itinere,
671 2031 741 2080 una
765 2007 882 2096 node,
916 2005 1071 2104 equitatu
1087 2031 1172 2079 con·

194 2126 300 2218 festu,
330 2126 454 2202 inscios
476 2126 759 2226 inopinantesque
787 2125 973 2224 Menapios
1001 2127 1171 2223 obpresse-

131 2343 133 2349 .
195 2267 291 2339 runt,
320 2247 442 2346 quide
459 2250 717 2321 Germanorum
740 2246 881 2321 discessu
901 2272 962 2344 per
979 2248 1173 2345 explorato-

161 2464 163 2470 r
195 2391 248 2440 res
264 2366 424 2440 certiores
441 2365 522 2438 fasti
539 2371 606 2440 fine
627 2384 723 2439 metu
748 2384 841 2440 trans
857 2369 1026 2441 Rhenum
1044 2366 1081 2439 i'n
1099 2355 1174 2440 suos

157 2477 159 2481 ’
196 2475 293 2561 vicos
311 2484 594 2584 remigraverant.
643 2485 714 2560 His
740 2483 940 2574 intersestis,
963 2484 1176 2583 navibusque

168 2675 169 2680 ,
197 2599 320 2680 eorum
336 2604 529 2703 occupatis,
548 2603 746 2701 priusquam
762 2628 802 2677 ea
819 2629 895 2701 pars
907 2603 1176 2701 Menapiorum,

196 2717 277 2823 'quae
290 2726 380 2799 eitra
397 2725 565 2799 Rhenum
577 2723 694 2822 quieta
709 2723 745 2795 in
761 2722 827 2798 suis
840 2722 975 2797 sedibus
992 2713 1077 2814 erat,
1103 2710 1202 2798 cers
1251 2745 1255 2756 ⁵

196 2843 264 2918 tior
277 2845 389 2934 fieret,
416 2846 548 2918 flumen
563 2846 784 2930 transierunt3
809 2862 915 2942 atque
937 2841 1176 2918 omnihus'eo·

198 2991 277 3040 rum
305 2963 462 3044 aedificiis
481 2959 678 3061 occupatis,
703 2964 872 3062 reliquam
899 2982 1035 3062 partem
1053 2962 1177 3040 hiemis

196 3087 231 3161 se
246 3110 368 3159 eorum
385 3079 495 3183 copiis
511 3085 681 3158 aluerunt.

247 3208 292 3281 V.
318 3205 389 3281 His
412 3206 458 3278 de
485 3206 588 3280 rebus
603 3203 714 3278 Caesar
730 3203 852 3280 certior
867 3203 991 3294 fastus,
1021 3209 1056 3280 a
1083 3202 1177 3277 infir-

198 3327 357 3401 mitatem
378 3326 561 3399 Gallorum
582 3325 727 3415 teritus,
757 3326 854 3424 quod
877 3324 954 3399 sunt
977 3323 1014 3397 in
1032 3321 1178 3398 consiliis

147 3503 151 3508 .
200 3445 376 3543 capiendis
402 3444 564 3536 mobiles,
594 3450 628 3520 δι
653 3443 753 3518 novis
770 3446 975 3544 plerumque
991 3446 1091 3518 rebus
1108 3441 1178 3516 stu·

199 3566 298 3654 dent,
328 3564 413 3638 nihil
430 3563 483 3638 his
499 3557 797 3638 committendum
813 3562 1036 3639 existimavit.
1072 3568 1100 3606 “
1118 3561 1180 3636 Est

199 3691 229 3751 .“
246 3703 362 3760 autem
378 3685 447 3758 hoc
460 3683 604 3760 Gallicae
616 3681 896 3774 consuetudinis}
919 3684 970 3760 uti
983 3687 1016 3758 ὅτ
1030 3680 1177 3756 viatores
