2912 4750
429 382 1017 447 uunomuurm
1174 333 1234 466 ff

546 529 592 586 Ere
611 528 733 588 Oratione
746 543 796 605 pro
814 528 943 606 Bithynia.

281 623 317 688 C.
335 625 426 687 Caesar
439 627 520 687 Pont.
536 627 616 687 Max.
630 627 810 698 moratione,
830 648 911 707 quam
930 648 981 708 pro
994 621 1124 705 Bithynia
1144 622 1231 698 dixit.

244 727 297 786 boc
318 726 460 806 principio
473 726 534 788 usus
546 729 603 788 eli:
627 728 679 788 Vel
693 748 745 807 pro
757 726 879 806 hospitio
900 727 972 808 regis
988 727 1167 798 Nicomedia,
1187 728 1234 789 uel

244 843 294 904 pro
308 827 407 885 horum
421 829 583 899 necestitate,
596 849 714 908 quorum
736 827 893 907 retegitur,
907 827 1034 908 refugere
1054 827 1109 887 hoc
1123 849 1235 900 monor,

242 923 288 983 Μ.
308 925 418 996 Vinici,
439 949 494 987 non
514 930 608 1007 potui:
631 949 695 988 nam
718 947 806 1005 neque
826 927 972 986 hominum
992 942 1082 988 morte
1101 928 1236 988 memoria

241 1023 327 1083 deleri
340 1025 436 1094 debet,
455 1027 522 1105 quin
545 1047 562 1086 a
583 1026 719 1107 proximis
743 1025 909 1099 ratimarum
929 1048 1018 1106 neque
1039 1027 1154 1090 clienter
1178 1028 1236 1088 liae

240 1121 347 1184 summa
360 1124 477 1184 infamia
490 1125 578 1186 del'e'ri
592 1126 718 1204 poliunt:
740 1125 840 1204 quibua
860 1127 944 1186 etiam
964 1148 980 1186 a
1000 1127 1164 1212 propinquis
1183 1145 1234 1190 no·

213 1233 217 1238 '
241 1223 302 1284 strio
315 1245 396 1302 opem
411 1222 482 1284 ferre
496 1225 672 1286 instituimus.
713 1227 758 1284 Ex
776 1226 817 1286 A.
836 1224 925 1284 Gellii
938 1225 958 1286 Ι.
974 1245 1004 1284 v.
1020 1247 1046 1285 c.
1066 1246 1144 1286 xrtr.

281 1322 361 1402 Qid
374 1327 462 1404 ergo?
480 1311 643 1402 syngrapha
656 1346 713 1385 non
724 1324 798 1392 sunt,
817 1323 863 1386 sed
884 1344 925 1384 reo
937 1323 1027 1386 aliena
1039 1327 1087 1387 eli.
1126 1327 1172 1387 ix
1184 1325 1201 1404 J
1203 1331 1245 1388 ui

242 1418 283 1482 lio
297 1422 447 1484 Rufiniano
460 1424 462 1435 ’
474 1425 504 1482 de
515 1426 630 1504 Figuris.
1127 1409 1135 1422 ⁸

402 1549 404 1556 ’
480 1527 535 1584 Ἐκ
554 1527 683 1584 Oratione
704 1539 753 1604 pro
779 1525 835 1604 lege
862 1521 987 1586 Plautia·
1199 1603 1202 1610 Ι

224 1690 228 1694 ,
281 1624 383 1704 Repeti
397 1640 491 1686 tamen
513 1625 543 1685 in
557 1626 685 1712 oratione
712 1627 747 1686 C.
762 1625 888 1694 Caesario,
898 1627 957 1704 'qua
970 1623 1107 1684 Plautiam
1122 1626 1245 1706 rogatio-

242 1742 306 1784 nem
320 1723 415 1796 sualit3
435 1726 596 1801 neceffirotem
608 1726 713 1788 diliam
734 1747 785 1809 pro
799 1727 977 1802 recfftudine,
996 1725 1026 1786 id
1040 1727 1090 1795 est,
1109 1727 1173 1812 jure
1184 1726 1234 1786 ad-

239 1824 364 1884 finitatis.
404 1825 499 1885 Verba
524 1827 582 1886 hac
602 1825 683 1886 sunt:
705 1828 826 1904 Equidem
838 1826 903 1886 mibi
913 1830 1006 1886 videor
1023 1839 1074 1903 pro
1089 1830 1173 1904 rostra
1191 1850 1236 1890 ne·

233 1923 351 1997 eeffltate,
365 1947 413 1984 rtorr
425 1924 522 1995 labore,
536 1949 584 1985 non
595 1939 681 2004 opera,
702 1949 751 1984 non
762 1930 890 2005 industria
901 1929 1012 2005 desuff.
1053 1927 1098 1986 Ex
1110 1927 1149 1986 A·
1163 1925 1234 1988 Gel-

244 2021 277 2082 lii
291 2023 311 2084 l
327 2045 406 2087 κω.
420 2047 442 2085 e.
460 2045 514 2084 111.
537 2023 571 2086 ti
583 2025 682 2086 Nonio
696 2034 723 2084 in
734 2049 795 2086 voce
807 2013 978 2086 Necessitas.¹

216 2169 221 2176 -
494 2129 540 2186 Ex
553 2128 676 2186 Oralione
688 2135 714 2185 in
734 2128 787 2185 Cn.
808 2125 986 2186 Dolabellam.
1253 2197 1257 2200 .

284 2225 376 2285 Calor
388 2223 419 2286 in
433 2225 608 2286 Dolabellam
622 2226 750 2287 Allionis
767 2247 831 2307 ιιι.
874 2224 920 2290 Ibi
936 2227 987 2302 afli,
1001 2245 1104 2304 quoram
1122 2228 1152 2284 ia
1173 2225 1239 2284 aedi·

243 2323 301 2394 buo,
315 2329 439 2405 frenique
452 2329 546 2404 postia,
569 2325 603 2387 {⁴5
615 2324 800 2398 honorierartt,
815 2325 849 2387 ll
871 2340 977 2388 ornatu.
1015 2327 1061 2386 Ex
1083 2326 1121 2388 A.
1142 2324 1233 2388 Gellii

243 2423 265 2486 Ι.
282 2445 327 2486 rv.
342 2450 364 2488 e.
379 2446 447 2490 xvi.
557 2409 561 2417 ¹
835 2498 838 2504 Ἰ
961 2483 978 2502 ,χ

286 2526 373 2585 Nono
386 2525 497 2586 decimo
511 2527 597 2586 aetafis
610 2547 686 2588 anno
699 2528 735 2587 L.
755 2525 863 2586 Craffus
888 2525 923 2586 C.
944 2525 1116 2595 Carbonem,
1137 2541 1193 2584 uuo
1207 2528 1235 2585 ὅτ

240 2623 371 2686 vicesimo
385 2626 479 2688 Caesar
494 2627 679 2698 Dolabellam,
693 2628 780 2688 altero
794 2634 820 2686 δι
843 2647 886 2686 xx
901 2624 1011 2686 Asinius
1026 2623 1115 2683 Pollio
1129 2623 1165 2683 C.
1179 2621 1236 2681 Ca·

241 2740 347 2798 tonem,
360 2748 417 2788 non
431 2729 519 2788 multo
532 2741 611 2788 atate
629 2723 793 2788 antecedens
806 2728 910 2790 Calvus
922 2725 1081 2794 Vatinium,
1099 2723 1134 2782 iia
1147 2721 1235 2782 orati·

235 2825 342 2884 ‘onibus
355 2825 475 2886 insecuti
497 2826 571 2896 lunt,
592 2847 658 2904 quaa
673 2828 811 2906 hodieque
825 2849 890 2888 cum
904 2825 1088 2888 admiratione
1113 2825 1242 2906 legimur.

242 2922 287 2982 Ex
300 2925 409 2984 Auo‘iore
421 2923 530 3002 Dialogi
539 2926 570 2983 de
583 2917 777 2988 Oratoribur'c.
792 2927 905 2988 xixrv.

281 3023 443 3101 Composita
460 3022 597 3083 seditione
618 3023 710 3094 civili,
730 3025 894 3084 Cornelium
908 3022 1095 3092 Dolabellam,
1108 3021 1234 3082 consula·

243 3141 301 3185 rem
315 3127 341 3182 lo
355 3121 548 3203 triumphalem
563 3123 666 3192 virum,
680 3123 892 3202 repetundarum
912 3122 1070 3203 postulavit,
1096 3120 1235 3182 absoluto-
1265 3145 1269 3154 ·

240 3223 439 3302 que'Rhodum
453 3222 579 3283 secedere
591 3222 692 3283 statuit.
732 3221 778 3282 Ex
790 3221 917 3282 Suetonii
933 3224 1003 3298 Cas.
1017 3243 1040 3280 c.
1062 3241 1093 3281 v.

282 3323 374 3384 Divus
394 3342 504 3403 quoque
525 3323 626 3400 Julius,
639 3343 721 3402 quarn
735 3323 850 3384 coelestio
863 3323 996 3394 numinis,
1011 3319 1168 3382 tumetium
1183 3320 1236 3384 hu·

244 3422 319 3483 mani
341 3423 449 3504 ingenii
470 3423 691 3504 perfellillimum
713 3424 854 3493 columen,
874 3423 933 3482 vim
955 3422 1094 3482 facundiae
1113 3420 1234 3502 propriae

240 3508 385 3604 'expteffiu
402 3522 524 3585 dicendo
542 3523 573 3584 in
596 3522 770 3584 accusatione
793 3523 848 3583 Cn.
870 3522 1035 3592 Dolabella,
1054 3543 1135 3601 quem
1159 3541 1236 3584 reum

240 3623 314 3704 egit,
340 3623 498 3703 extorqueri
520 3621 570 3683 libi
588 3623 712 3684 'caussam
739 3622 873 3703 optimam
893 3623 929 3683 L.
953 3621 1045 3684 Cotrae
1063 3623 1232 3704 patrocinio.

154 3715 156 3718 ’
245 3726 289 3786 lire
298 3725 406 3788 Valerii
419 3722 541 3786 Maximi
555 3711 576 3786 l,
596 3743 677 3786 vrri.
697 3747 720 3786 c.
737 3742 783 3784 rx.
976 3710 979 3715 ¹
1108 3712 1110 3715 ¹
