<?xml version="1.0" encoding="UTF-8"?>
<!DOCTYPE html PUBLIC "-//W3C//DTD XHTML 1.0 Transitional//EN"
    "http://www.w3.org/TR/xhtml1/DTD/xhtml1-transitional.dtd">
<html xmlns="http://www.w3.org/1999/xhtml" xml:lang="en" lang="en">
 <head>
  <title>
</title>
<meta http-equiv="Content-Type" content="text/html;charset=utf-8" />
  <meta name='ocr-system' content='tesseract 3.04.00' />
  <meta name='ocr-capabilities' content='ocr_page ocr_carea ocr_par ocr_line ocrx_word'/>
</head>
<body>
  <div class='ocr_page' id='page_1' title='image "./caiijuliicaesar00dodwgoog_0258.png"; bbox 0 0 2814 4754; ppageno 0'>
   <div class='ocr_carea' id='block_1_1' title="bbox 348 356 1161 484">
    <p class='ocr_par' dir='ltr' id='par_1_1' title="bbox 348 356 1161 484">
     <span class='ocr_line' id='line_1_1' title="bbox 348 356 1161 484; baseline 0.007 -32"><span class='ocrx_word' id='word_1_1' title='bbox 348 397 400 454; x_wconf 80' lang='lat' dir='ltr'>ua</span> <span class='ocrx_word' id='word_1_2' title='bbox 415 377 554 482; x_wconf 74' lang='lat' dir='ltr'>¹Burro</span> <span class='ocrx_word' id='word_1_3' title='bbox 579 356 770 455; x_wconf 67' lang='lat' dir='ltr'>Gannico</span> <span class='ocrx_word' id='word_1_4' title='bbox 794 371 889 454; x_wconf 83' lang='lat' dir='ltr'>er.</span> <span class='ocrx_word' id='word_1_5' title='bbox 904 375 986 454; x_wconf 83' lang='lat' dir='ltr'>Vll.</span> <span class='ocrx_word' id='word_1_6' title='bbox 1090 375 1161 484; x_wconf 59' lang='grc' dir='ltr'>ω</span> 
     </span>
    </p>
   </div>
   <div class='ocr_carea' id='block_1_2' title="bbox 66 538 1193 3672">
    <p class='ocr_par' dir='ltr' id='par_1_2' title="bbox 66 538 1193 3672">
     <span class='ocr_line' id='line_1_2' title="bbox 66 538 1162 650; baseline 0.002 -26"><span class='ocrx_word' id='word_1_7' title='bbox 66 555 67 558; x_wconf 69' lang='lat'><em>&#39;</em></span> <span class='ocrx_word' id='word_1_8' title='bbox 165 545 289 626; x_wconf 83' lang='lat' dir='ltr'>ullum</span> <span class='ocrx_word' id='word_1_9' title='bbox 301 545 373 625; x_wconf 81' lang='lat' dir='ltr'>fere</span> <span class='ocrx_word' id='word_1_10' title='bbox 388 549 489 628; x_wconf 84' lang='lat' dir='ltr'>diem</span> <span class='ocrx_word' id='word_1_11' title='bbox 497 538 766 642; x_wconf 69' lang='lat' dir='ltr'>intermitt&#39;ebat,&#39;</span> <span class='ocrx_word' id='word_1_12' title='bbox 787 548 890 650; x_wconf 88' lang='lat' dir='ltr'>quin,</span> <span class='ocrx_word' id='word_1_13' title='bbox 900 543 1053 648; x_wconf 83' lang='lat' dir='ltr'>equestri</span> <span class='ocrx_word' id='word_1_14' title='bbox 1068 569 1162 649; x_wconf 77' lang='lat' dir='ltr'>proe·</span> 
     </span>
     <span class='ocr_line' id='line_1_3' title="bbox 165 667 1162 774; baseline 0.002 -30"><span class='ocrx_word' id='word_1_15' title='bbox 165 670 237 762; x_wconf 91' lang='lat' dir='ltr'>lio,</span> <span class='ocrx_word' id='word_1_16' title='bbox 275 670 460 772; x_wconf 73' lang='lat' dir='ltr'>interjeclis</span> <span class='ocrx_word' id='word_1_17' title='bbox 486 671 678 774; x_wconf 85' lang='lat' dir='ltr'>sagittariis,</span> <span class='ocrx_word' id='word_1_18' title='bbox 716 668 805 770; x_wconf 89' lang='lat' dir='ltr'>quid</span> <span class='ocrx_word' id='word_1_19' title='bbox 837 667 876 744; x_wconf 92' lang='lat' dir='ltr'>in</span> <span class='ocrx_word' id='word_1_20' title='bbox 906 691 1050 770; x_wconf 84' lang='lat' dir='ltr'>quoque</span> <span class='ocrx_word' id='word_1_21' title='bbox 1078 671 1162 746; x_wconf 81' lang='lat' dir='ltr'>effet</span> 
     </span>
     <span class='ocr_line' id='line_1_4' title="bbox 161 789 1163 893; baseline 0.001 -27"><span class='ocrx_word' id='word_1_22' title='bbox 161 790 280 867; x_wconf 74' lang='lat' dir='ltr'>animi</span> <span class='ocrx_word' id='word_1_23' title='bbox 303 817 348 870; x_wconf 84' lang='lat' dir='ltr'>ac·</span> <span class='ocrx_word' id='word_1_24' title='bbox 370 792 507 870; x_wconf 81' lang='lat' dir='ltr'>virtutis</span> <span class='ocrx_word' id='word_1_25' title='bbox 534 794 689 885; x_wconf 88' lang='lat' dir='ltr'>suorum,</span> <span class='ocrx_word' id='word_1_26' title='bbox 720 789 982 893; x_wconf 83' lang='lat' dir='ltr'>periclitaretur.</span> <span class='ocrx_word' id='word_1_27' title='bbox 1033 791 1120 868; x_wconf 86' lang='lat' dir='ltr'>Erat</span> <span class='ocrx_word' id='word_1_28' title='bbox 1141 809 1163 867; x_wconf 87' lang='lat' dir='ltr'>e</span> 
     </span>
     <span class='ocr_line' id='line_1_5' title="bbox 163 911 1163 1016; baseline 0 -28"><span class='ocrx_word' id='word_1_29' title='bbox 163 916 318 1014; x_wconf 81' lang='lat' dir='ltr'>regione</span> <span class='ocrx_word' id='word_1_30' title='bbox 344 915 467 1016; x_wconf 89' lang='lat' dir='ltr'>oppidi</span> <span class='ocrx_word' id='word_1_31' title='bbox 495 917 594 990; x_wconf 85' lang='lat' dir='ltr'>collis</span> <span class='ocrx_word' id='word_1_32' title='bbox 621 911 685 991; x_wconf 87' lang='lat' dir='ltr'>sub</span> <span class='ocrx_word' id='word_1_33' title='bbox 701 914 795 1012; x_wconf 19' lang='lat' dir='ltr'>*ipsis</span> <span class='ocrx_word' id='word_1_34' title='bbox 828 911 999 988; x_wconf 80' lang='lat' dir='ltr'>radicibus</span> <span class='ocrx_word' id='word_1_35' title='bbox 1030 911 1163 988; x_wconf 80' lang='lat' dir='ltr'>montis</span> 
     </span>
     <span class='ocr_line' id='line_1_6' title="bbox 160 1031 1160 1137; baseline -0.001 -27"><span class='ocrx_word' id='word_1_36' title='bbox 160 1034 312 1137; x_wconf 78' lang='lat' dir='ltr'>egregie</span> <span class='ocrx_word' id='word_1_37' title='bbox 327 1035 498 1128; x_wconf 88' lang='lat' dir='ltr'>munitus,</span> <span class='ocrx_word' id='word_1_38' title='bbox 516 1056 683 1135; x_wconf 80' lang='lat' dir='ltr'>atque-ex</span> <span class='ocrx_word' id='word_1_39' title='bbox 699 1032 796 1112; x_wconf 89' lang='lat' dir='ltr'>omni</span> <span class='ocrx_word' id='word_1_40' title='bbox 812 1055 908 1132; x_wconf 87' lang='lat' dir='ltr'>parte</span> <span class='ocrx_word' id='word_1_41' title='bbox 922 1031 1160 1136; x_wconf 47' lang='lat' dir='ltr'>circumcisum</span> 
     </span>
     <span class='ocr_line' id='line_1_7' title="bbox 166 1153 1171 1254; baseline -0.001 -22"><span class='ocrx_word' id='word_1_42' title='bbox 166 1157 305 1254; x_wconf 88' lang='lat' dir='ltr'>(quem</span> <span class='ocrx_word' id='word_1_43' title='bbox 334 1161 534 1233; x_wconf 85' lang='lat' dir='ltr'>fitenerent</span> <span class='ocrx_word' id='word_1_44' title='bbox 561 1153 681 1248; x_wconf 84' lang='lat' dir='ltr'>nostri,</span> <span class='ocrx_word' id='word_1_45' title='bbox 712 1159 869 1252; x_wconf 80' lang='lat' dir='ltr'>&amp;aquae</span> <span class='ocrx_word' id='word_1_46' title='bbox 895 1179 1026 1254; x_wconf 84' lang='lat' dir='ltr'>magna</span> <span class='ocrx_word' id='word_1_47' title='bbox 1051 1157 1171 1254; x_wconf 82' lang='lat' dir='ltr'>parte,&#39;</span> 
     </span>
     <span class='ocr_line' id='line_1_8' title="bbox 164 1272 1163 1376; baseline 0.004 -28"><span class='ocrx_word' id='word_1_48' title='bbox 164 1275 207 1348; x_wconf 74' lang='lat' dir='ltr'>uc</span> <span class='ocrx_word' id='word_1_49' title='bbox 233 1278 459 1376; x_wconf 81' lang='lat' dir='ltr'>pabulatione</span> <span class='ocrx_word' id='word_1_50' title='bbox 486 1275 595 1350; x_wconf 83' lang='lat' dir='ltr'>libera</span> <span class='ocrx_word' id='word_1_51' title='bbox 621 1272 830 1374; x_wconf 87' lang='lat' dir='ltr'>prohibituri</span> <span class='ocrx_word' id='word_1_52' title='bbox 852 1273 965 1348; x_wconf 78' lang='lat' dir='ltr'>hostes</span> <span class='ocrx_word' id='word_1_53' title='bbox 992 1275 1163 1352; x_wconf 83' lang='lat' dir='ltr'>videban-</span> 
     </span>
     <span class='ocr_line' id='line_1_9' title="bbox 157 1389 1163 1497; baseline 0.004 -27"><span class='ocrx_word' id='word_1_54' title='bbox 157 1399 249 1494; x_wconf 65' lang='lat' dir='ltr'>tur)</span> <span class='ocrx_word' id='word_1_55' title='bbox 278 1389 342 1496; x_wconf 67' lang='lat' dir='ltr'>&#39;sed</span> <span class='ocrx_word' id='word_1_56' title='bbox 354 1397 383 1472; x_wconf 89' lang='lat' dir='ltr'>is</span> <span class='ocrx_word' id='word_1_57' title='bbox 398 1399 497 1472; x_wconf 85' lang='lat' dir='ltr'>locus</span> <span class='ocrx_word' id='word_1_58' title='bbox 519 1397 677 1497; x_wconf 78' lang='lat' dir='ltr'>praefidio</span> <span class='ocrx_word' id='word_1_59' title='bbox 692 1398 738 1470; x_wconf 87' lang='lat' dir='ltr'>ab</span> <span class='ocrx_word' id='word_1_60' title='bbox 755 1395 805 1468; x_wconf 83' lang='lat' dir='ltr'>iis;</span> <span class='ocrx_word' id='word_1_61' title='bbox 824 1419 897 1468; x_wconf 93' lang='lat' dir='ltr'>non</span> <span class='ocrx_word' id='word_1_62' title='bbox 925 1393 1030 1470; x_wconf 85' lang='lat' dir='ltr'>nimis</span> <span class='ocrx_word' id='word_1_63' title='bbox 1056 1397 1163 1474; x_wconf 84' lang='lat' dir='ltr'>firmo</span> 
     </span>
     <span class='ocr_line' id='line_1_10' title="bbox 165 1514 1162 1613; baseline 0.002 -21"><span class='ocrx_word' id='word_1_64' title='bbox 165 1519 365 1613; x_wconf 80' lang='lat' dir='ltr'>tencbamr.</span> <span class='ocrx_word' id='word_1_65' title='bbox 411 1519 556 1594; x_wconf 75' lang='lat' dir='ltr'>Tamen</span> <span class='ocrx_word' id='word_1_66' title='bbox 571 1517 705 1594; x_wconf 76' lang='lat' dir='ltr'>silentio</span> <span class='ocrx_word' id='word_1_67' title='bbox 726 1516 839 1593; x_wconf 75' lang='lat' dir='ltr'>nouis</span> <span class='ocrx_word' id='word_1_68' title='bbox 854 1515 967 1592; x_wconf 80' lang='lat' dir='ltr'>Caesar</span> <span class='ocrx_word' id='word_1_69' title='bbox 982 1539 1027 1591; x_wconf 85' lang='lat' dir='ltr'>ex</span> <span class='ocrx_word' id='word_1_70' title='bbox 1045 1514 1162 1594; x_wconf 79' lang='lat' dir='ltr'>castris</span> 
     </span>
     <span class='ocr_line' id='line_1_11' title="bbox 157 1635 1162 1740; baseline 0 -26"><span class='ocrx_word' id='word_1_71' title='bbox 157 1640 338 1740; x_wconf 75' lang='lat' dir='ltr'>-egnrlsus,</span> <span class='ocrx_word' id='word_1_72' title='bbox 374 1637 469 1737; x_wconf 89' lang='lat' dir='ltr'>prius</span> <span class='ocrx_word' id='word_1_73' title='bbox 496 1662 604 1740; x_wconf 89' lang='lat' dir='ltr'>quam</span> <span class='ocrx_word' id='word_1_74' title='bbox 632 1637 781 1715; x_wconf 79' lang='lat' dir='ltr'>subfioio</span> <span class='ocrx_word' id='word_1_75' title='bbox 808 1662 855 1714; x_wconf 83' lang='lat' dir='ltr'>ex</span> <span class='ocrx_word' id='word_1_76' title='bbox 886 1637 1021 1737; x_wconf 91' lang='lat' dir='ltr'>oppido</span> <span class='ocrx_word' id='word_1_77' title='bbox 1049 1635 1162 1714; x_wconf 86' lang='lat' dir='ltr'>veniri</span> 
     </span>
     <span class='ocr_line' id='line_1_12' title="bbox 165 1757 1162 1886; baseline -0.002 -50"><span class='ocrx_word' id='word_1_78' title='bbox 165 1761 299 1886; x_wconf 50' lang='lat' dir='ltr'>polletp</span> <span class='ocrx_word' id='word_1_79' title='bbox 327 1759 460 1860; x_wconf 68' lang='lat' dir='ltr'>dejecto</span> <span class='ocrx_word' id='word_1_80' title='bbox 493 1759 667 1859; x_wconf 80' lang='lat' dir='ltr'>praesrdio,</span> <span class='ocrx_word' id='word_1_81' title='bbox 691 1758 837 1858; x_wconf 71' lang='lat' dir='ltr'>potitus</span> <span class='ocrx_word' id='word_1_82' title='bbox 866 1759 959 1850; x_wconf 92' lang='lat' dir='ltr'>loco,</span> <span class='ocrx_word' id='word_1_83' title='bbox 991 1759 1079 1834; x_wconf 80' lang='lat' dir='ltr'>duas</span> <span class='ocrx_word' id='word_1_84' title='bbox 1110 1757 1162 1834; x_wconf 90' lang='lat' dir='ltr'>ibi</span> 
     </span>
     <span class='ocr_line' id='line_1_13' title="bbox 161 1877 1160 1982; baseline -0.001 -27"><span class='ocrx_word' id='word_1_85' title='bbox 161 1881 328 1982; x_wconf 73' lang='lat' dir='ltr'>legiones</span> <span class='ocrx_word' id='word_1_86' title='bbox 353 1879 552 1957; x_wconf 83' lang='lat' dir='ltr'>conlocavit</span> <span class='ocrx_word' id='word_1_87' title='bbox 566 1909 579 1968; x_wconf 89' lang='lat'>;</span> <span class='ocrx_word' id='word_1_88' title='bbox 594 1877 800 1976; x_wconf 59' lang='lat' dir='ltr'>x{ollamque</span> <span class='ocrx_word' id='word_1_89' title='bbox 825 1877 1007 1976; x_wconf 86' lang='lat' dir='ltr'>duplicem</span> <span class='ocrx_word' id='word_1_90' title='bbox 1023 1879 1160 1954; x_wconf 87' lang='lat' dir='ltr'>duode-</span> 
     </span>
     <span class='ocr_line' id='line_1_14' title="bbox 94 1987 1161 2101; baseline -0.008 -22"><span class='ocrx_word' id='word_1_91' title='bbox 94 1991 97 1998; x_wconf 42' lang='lat'><strong>⁴</strong></span> <span class='ocrx_word' id='word_1_92' title='bbox 169 2003 260 2078; x_wconf 80' lang='lat' dir='ltr'>nbm</span> <span class='ocrx_word' id='word_1_93' title='bbox 286 1999 461 2101; x_wconf 83' lang='lat' dir='ltr'>peduma</span> <span class='ocrx_word' id='word_1_94' title='bbox 489 1987 677 2100; x_wconf 83' lang='lat' dir='ltr'>majoribus</span> <span class='ocrx_word' id='word_1_95' title='bbox 704 1997 820 2084; x_wconf 82' lang='lat' dir='ltr'>castris</span> <span class='ocrx_word' id='word_1_96' title='bbox 843 1998 897 2072; x_wconf 81' lang='lat' dir='ltr'>ad·</span> <span class='ocrx_word' id='word_1_97' title='bbox 916 1995 1056 2071; x_wconf 87' lang='lat' dir='ltr'>minora</span> <span class='ocrx_word' id='word_1_98' title='bbox 1081 2021 1161 2096; x_wconf 84' lang='lat' dir='ltr'>per·</span> 
     </span>
     <span class='ocr_line' id='line_1_15' title="bbox 169 2113 1161 2219; baseline -0.004 -22"><span class='ocrx_word' id='word_1_99' title='bbox 169 2121 299 2198; x_wconf 85' lang='lat' dir='ltr'>duxit:</span> <span class='ocrx_word' id='word_1_100' title='bbox 317 2143 368 2196; x_wconf 85' lang='lat' dir='ltr'>ut</span> <span class='ocrx_word' id='word_1_101' title='bbox 383 2143 460 2196; x_wconf 89' lang='lat' dir='ltr'>tuto</span> <span class='ocrx_word' id='word_1_102' title='bbox 476 2125 521 2196; x_wconf 83' lang='lat' dir='ltr'>ab</span> <span class='ocrx_word' id='word_1_103' title='bbox 535 2119 719 2219; x_wconf 89' lang='lat' dir='ltr'>repentino</span> <span class='ocrx_word' id='word_1_104' title='bbox 731 2117 883 2193; x_wconf 89' lang='lat' dir='ltr'>hostium</span> <span class='ocrx_word' id='word_1_105' title='bbox 900 2113 1036 2190; x_wconf 89' lang='lat' dir='ltr'>incursu</span> <span class='ocrx_word' id='word_1_106' title='bbox 1053 2116 1161 2194; x_wconf 83' lang='lat' dir='ltr'>etiam</span> 
     </span>
     <span class='ocr_line' id='line_1_16' title="bbox 105 2242 1072 2343; baseline -0.004 -23"><span class='ocrx_word' id='word_1_107' title='bbox 105 2295 107 2300; x_wconf 93' lang='lat'>-</span> <span class='ocrx_word' id='word_1_108' title='bbox 172 2242 300 2343; x_wconf 75' lang='lat' dir='ltr'>(iuguli</span> <span class='ocrx_word' id='word_1_109' title='bbox 317 2267 518 2317; x_wconf 87' lang='lat' dir='ltr'>commeare</span> <span class='ocrx_word' id='word_1_110' title='bbox 536 2243 684 2340; x_wconf 77' lang='lat' dir='ltr'>pollent.</span> <span class='ocrx_word' id='word_1_111' title='bbox 1068 2287 1072 2296; x_wconf 42' lang='grc' dir='ltr'><strong><em>ι</em></strong></span> 
     </span>
     <span class='ocr_line' id='line_1_17' title="bbox 221 2357 1193 2462; baseline -0.002 -22"><span class='ocrx_word' id='word_1_112' title='bbox 221 2362 416 2440; x_wconf 89' lang='lat' dir='ltr'>XXXVII.</span> <span class='ocrx_word' id='word_1_113' title='bbox 430 2365 541 2438; x_wconf 71' lang='lat' dir='ltr'>vDum</span> <span class='ocrx_word' id='word_1_114' title='bbox 569 2364 645 2437; x_wconf 82' lang='lat' dir='ltr'>haec</span> <span class='ocrx_word' id='word_1_115' title='bbox 660 2363 706 2446; x_wconf 85' lang='lat' dir='ltr'>ad</span> <span class='ocrx_word' id='word_1_116' title='bbox 733 2357 952 2461; x_wconf 82' lang='lat' dir='ltr'>Gergoviam</span> <span class='ocrx_word' id='word_1_117' title='bbox 976 2381 1158 2462; x_wconf 81' lang='lat' dir='ltr'>geruntur,</span> <span class='ocrx_word' id='word_1_118' title='bbox 1189 2444 1193 2448; x_wconf 60' lang='grc'><strong>,</strong></span> 
     </span>
     <span class='ocr_line' id='line_1_18' title="bbox 170 2481 1159 2590; baseline -0.002 -30"><span class='ocrx_word' id='word_1_119' title='bbox 170 2481 462 2560; x_wconf 76' lang='lat' dir='ltr'>Convidolitanis</span> <span class='ocrx_word' id='word_1_120' title='bbox 492 2485 648 2576; x_wconf 77' lang='lat' dir='ltr'>AEduus,</span> <span class='ocrx_word' id='word_1_121' title='bbox 676 2484 733 2560; x_wconf 89' lang='lat' dir='ltr'>cui</span> <span class='ocrx_word' id='word_1_122' title='bbox 756 2483 998 2590; x_wconf 85' lang='lat' dir='ltr'>magistratum</span> <span class='ocrx_word' id='word_1_123' title='bbox 1022 2481 1159 2582; x_wconf 82' lang='lat' dir='ltr'>adjudi-</span> 
     </span>
     <span class='ocr_line' id='line_1_19' title="bbox 169 2603 1160 2697; baseline 0 -16"><span class='ocrx_word' id='word_1_124' title='bbox 169 2605 290 2682; x_wconf 81' lang='lat' dir='ltr'>catum</span> <span class='ocrx_word' id='word_1_125' title='bbox 318 2632 340 2682; x_wconf 86' lang='lat' dir='ltr'>a</span> <span class='ocrx_word' id='word_1_126' title='bbox 367 2605 510 2682; x_wconf 82' lang='lat' dir='ltr'>Caesare·</span> <span class='ocrx_word' id='word_1_127' title='bbox 525 2603 857 2697; x_wconf 82' lang='lat' dir='ltr'>demonstravimus,</span> <span class='ocrx_word' id='word_1_128' title='bbox 886 2603 1089 2680; x_wconf 81' lang='lat' dir='ltr'>sollicitatus</span> <span class='ocrx_word' id='word_1_129' title='bbox 1113 2605 1160 2681; x_wconf 81' lang='lat' dir='ltr'>ab</span> 
     </span>
     <span class='ocr_line' id='line_1_20' title="bbox 171 2725 1160 2828; baseline -0.002 -26"><span class='ocrx_word' id='word_1_130' title='bbox 171 2728 339 2804; x_wconf 86' lang='lat' dir='ltr'>Arvernis</span> <span class='ocrx_word' id='word_1_131' title='bbox 363 2725 527 2827; x_wconf 86' lang='lat' dir='ltr'>pecunia,</span> <span class='ocrx_word' id='word_1_132' title='bbox 553 2749 636 2804; x_wconf 87' lang='lat' dir='ltr'>cum</span> <span class='ocrx_word' id='word_1_133' title='bbox 654 2727 863 2828; x_wconf 77' lang='lat' dir='ltr'>quibusdam</span> <span class='ocrx_word' id='word_1_134' title='bbox 887 2725 1160 2802; x_wconf 81' lang='lat' dir='ltr'>adolescentibus</span> 
     </span>
     <span class='ocr_line' id='line_1_21' title="bbox 169 2847 1158 2950; baseline -0.003 -27"><span class='ocrx_word' id='word_1_135' title='bbox 169 2848 418 2946; x_wconf 74' lang='lat' dir='ltr'>conloquiturz</span> <span class='ocrx_word' id='word_1_136' title='bbox 445 2873 601 2947; x_wconf 89' lang='lat' dir='ltr'>quorum</span> <span class='ocrx_word' id='word_1_137' title='bbox 618 2868 691 2924; x_wconf 87' lang='lat' dir='ltr'>erat</span> <span class='ocrx_word' id='word_1_138' title='bbox 709 2851 871 2950; x_wconf 89' lang='lat' dir='ltr'>princeps</span> <span class='ocrx_word' id='word_1_139' title='bbox 886 2847 1081 2941; x_wconf 83' lang='lat' dir='ltr'>Litavicus,</span> <span class='ocrx_word' id='word_1_140' title='bbox 1106 2863 1158 2921; x_wconf 85' lang='lat' dir='ltr'>at-</span> 
     </span>
     <span class='ocr_line' id='line_1_22' title="bbox 101 2965 1158 3066; baseline 0.001 -22"><span class='ocrx_word' id='word_1_141' title='bbox 101 2983 129 3020; x_wconf 86' lang='lat'>·&#39;</span> <span class='ocrx_word' id='word_1_142' title='bbox 170 2991 243 3066; x_wconf 86' lang='lat' dir='ltr'>que</span> <span class='ocrx_word' id='word_1_143' title='bbox 271 2965 344 3064; x_wconf 77' lang='lat' dir='ltr'>ejus·</span> <span class='ocrx_word' id='word_1_144' title='bbox 370 2967 505 3060; x_wconf 85' lang='lat' dir='ltr'>fratres,</span> <span class='ocrx_word' id='word_1_145' title='bbox 541 2969 749 3066; x_wconf 73' lang='lat' dir='ltr'>amplissima</span> <span class='ocrx_word' id='word_1_146' title='bbox 779 2970 912 3046; x_wconf 83' lang='lat' dir='ltr'>familia</span> <span class='ocrx_word' id='word_1_147' title='bbox 941 2968 1012 3044; x_wconf 87' lang='lat' dir='ltr'>nati</span> <span class='ocrx_word' id='word_1_148' title='bbox 1040 2965 1158 3045; x_wconf 77' lang='lat' dir='ltr'>adole·</span> 
     </span>
     <span class='ocr_line' id='line_1_23' title="bbox 170 3085 1169 3187; baseline 0.001 -26"><span class='ocrx_word' id='word_1_149' title='bbox 170 3085 314 3186; x_wconf 70' lang='lat' dir='ltr'>scentes.</span> <span class='ocrx_word' id='word_1_150' title='bbox 364 3087 457 3162; x_wconf 91' lang='lat' dir='ltr'>Cum</span> <span class='ocrx_word' id='word_1_151' title='bbox 484 3088 525 3162; x_wconf 87' lang='lat' dir='ltr'>iis</span> <span class='ocrx_word' id='word_1_152' title='bbox 554 3088 740 3187; x_wconf 85' lang='lat' dir='ltr'>praemium</span> <span class='ocrx_word' id='word_1_153' title='bbox 759 3088 1013 3179; x_wconf 86' lang='lat' dir='ltr'>communicat,</span> <span class='ocrx_word' id='word_1_154' title='bbox 1041 3087 1169 3164; x_wconf 9' lang='lat' dir='ltr'>hona-¹</span> 
     </span>
     <span class='ocr_line' id='line_1_24' title="bbox 161 3205 1159 3306; baseline 0.004 -26"><span class='ocrx_word' id='word_1_155' title='bbox 161 3226 312 3305; x_wconf 86' lang='lat' dir='ltr'>-turque,</span> <span class='ocrx_word' id='word_1_156' title='bbox 340 3213 368 3250; x_wconf 89' lang='lat'>“</span> <span class='ocrx_word' id='word_1_157' title='bbox 385 3229 427 3302; x_wconf 87' lang='lat' dir='ltr'>ut</span> <span class='ocrx_word' id='word_1_158' title='bbox 453 3205 643 3297; x_wconf 71' lang='lat' dir='ltr'>scribens,</span> <span class='ocrx_word' id='word_1_159' title='bbox 670 3207 870 3306; x_wconf 88' lang='lat' dir='ltr'>&amp;imperio</span> <span class='ocrx_word' id='word_1_160' title='bbox 893 3227 1009 3298; x_wconf 84' lang='lat' dir='ltr'>natos,</span> <span class='ocrx_word' id='word_1_161' title='bbox 1027 3207 1159 3284; x_wconf 57' lang='lat' dir='ltr'>memiss</span> 
     </span>
     <span class='ocr_line' id='line_1_25' title="bbox 171 3326 1159 3436; baseline 0.003 -36"><span class='ocrx_word' id='word_1_162' title='bbox 171 3333 203 3372; x_wconf 89' lang='lat'><strong>“</strong></span> <span class='ocrx_word' id='word_1_163' title='bbox 221 3326 361 3414; x_wconf 78' lang='lat' dir='ltr'>norint:</span> <span class='ocrx_word' id='word_1_164' title='bbox 395 3353 504 3403; x_wconf 87' lang='lat' dir='ltr'>unam</span> <span class='ocrx_word' id='word_1_165' title='bbox 532 3331 600 3404; x_wconf 77' lang='lat' dir='ltr'>elle</span> <span class='ocrx_word' id='word_1_166' title='bbox 623 3327 826 3404; x_wconf 86' lang='lat' dir='ltr'>AEduorum</span> <span class='ocrx_word' id='word_1_167' title='bbox 855 3328 1048 3418; x_wconf 84' lang='lat' dir='ltr'>civitatem,</span> <span class='ocrx_word' id='word_1_168' title='bbox 1078 3351 1159 3436; x_wconf 79' lang='lat' dir='ltr'>quae</span> 
     </span>
     <span class='ocr_line' id='line_1_26' title="bbox 173 3445 1158 3550; baseline 0.005 -28"><span class='ocrx_word' id='word_1_169' title='bbox 173 3451 202 3492; x_wconf 89' lang='lat'><strong>“</strong></span> <span class='ocrx_word' id='word_1_170' title='bbox 220 3445 439 3523; x_wconf 87' lang='lat' dir='ltr'>certiffimam</span> <span class='ocrx_word' id='word_1_171' title='bbox 452 3449 773 3526; x_wconf 78' lang='lat' dir='ltr'>Galliae.viuoriam</span> <span class='ocrx_word' id='word_1_172' title='bbox 786 3451 968 3527; x_wconf 85' lang='lat' dir='ltr'>distineat:</span> <span class='ocrx_word' id='word_1_173' title='bbox 988 3448 1059 3550; x_wconf 84' lang='lat' dir='ltr'>ejus</span> <span class='ocrx_word' id='word_1_174' title='bbox 1076 3474 1158 3527; x_wconf 85' lang='lat' dir='ltr'>auc·</span> 
     </span>
     <span class='ocr_line' id='line_1_27' title="bbox 172 3569 1159 3672; baseline 0.001 -25"><span class='ocrx_word' id='word_1_175' title='bbox 172 3576 200 3614; x_wconf 91' lang='lat'><strong>“</strong></span> <span class='ocrx_word' id='word_1_176' title='bbox 215 3569 353 3660; x_wconf 70' lang='lat' dir='ltr'>caritate</span> <span class='ocrx_word' id='word_1_177' title='bbox 364 3569 514 3671; x_wconf 86' lang='lat' dir='ltr'>reliquas</span> <span class='ocrx_word' id='word_1_178' title='bbox 526 3571 718 3659; x_wconf 83' lang='lat' dir='ltr'>contineri3</span> <span class='ocrx_word' id='word_1_179' title='bbox 736 3599 807 3672; x_wconf 86' lang='lat' dir='ltr'>qua</span> <span class='ocrx_word' id='word_1_180' title='bbox 818 3571 1025 3664; x_wconf 75' lang='lat' dir='ltr'>transducla,</span> <span class='ocrx_word' id='word_1_181' title='bbox 1038 3573 1159 3650; x_wconf 87' lang='lat' dir='ltr'>locum</span> 
     </span>
    </p>
   </div>
   <div class='ocr_carea' id='block_1_3' title="bbox 174 3688 1157 3906">
    <p class='ocr_par' dir='ltr' id='par_1_3' title="bbox 174 3688 1157 3906">
     <span class='ocr_line' id='line_1_28' title="bbox 174 3688 1157 3776; baseline -0.001 -6"><span class='ocrx_word' id='word_1_182' title='bbox 174 3695 202 3736; x_wconf 76' lang='lat'>‘⁸</span> <span class='ocrx_word' id='word_1_183' title='bbox 220 3690 425 3770; x_wconf 69' lang='lat' dir='ltr'>consistendi</span> <span class='ocrx_word' id='word_1_184' title='bbox 438 3693 611 3776; x_wconf 84' lang='lat' dir='ltr'>Romanis</span> <span class='ocrx_word' id='word_1_185' title='bbox 623 3693 659 3766; x_wconf 93' lang='lat' dir='ltr'>in</span> <span class='ocrx_word' id='word_1_186' title='bbox 671 3688 786 3769; x_wconf 86' lang='lat' dir='ltr'>Gallia</span> <span class='ocrx_word' id='word_1_187' title='bbox 795 3719 868 3772; x_wconf 86' lang='lat' dir='ltr'>nou</span> <span class='ocrx_word' id='word_1_188' title='bbox 880 3689 974 3776; x_wconf 82' lang='lat' dir='ltr'>fore:</span> <span class='ocrx_word' id='word_1_189' title='bbox 988 3695 1056 3770; x_wconf 86' lang='lat' dir='ltr'>elle</span> <span class='ocrx_word' id='word_1_190' title='bbox 1068 3717 1157 3770; x_wconf 87' lang='lat' dir='ltr'>non-</span> 
     </span>
     <span class='ocr_line' id='line_1_29' title="bbox 643 3815 730 3906; baseline 0 0"><span class='ocrx_word' id='word_1_191' title='bbox 643 3815 685 3888; x_wconf 86' lang='lat' dir='ltr'>R</span> <span class='ocrx_word' id='word_1_192' title='bbox 704 3841 730 3906; x_wconf 88' lang='lat'>4</span> 
     </span>
    </p>
   </div>
   <div class='ocr_carea' id='block_1_4' title="bbox 0 0 1415 4754">
    <p class='ocr_par' dir='ltr' id='par_1_4' title="bbox 0 0 1415 4754">
     <span class='ocr_line' id='line_1_30' title="bbox 0 0 1415 4754; baseline 0 0"><span class='ocrx_word' id='word_1_193' title='bbox 0 0 1415 4754; x_wconf 95' lang='lat' dir='ltr'> </span> 
     </span>
    </p>
   </div>
  </div>
 </body>
</html>
