2866 4754
337 469 341 484 .
401 426 452 484 br
476 403 609 483 Brenno
631 401 820 484 Girrneo
845 399 939 480 Lu.
956 401 1004 477 V.
1111 397 1194 504 '¹⁶⁵

316 530 320 560 l

214 575 296 656 dine
328 583 430 679 esset,
468 605 514 656 ne
553 583 767 658 nocturnum
794 578 940 681 quidem
964 577 1037 654 fibi'
1056 596 1197 678 tempus

209 702 269 774 ad,
283 701 439 801 quietem
464 702 711 802 relinquebat:
746 723 791 779 ut·
811 704 906 777 ultro
929 700 1082 778 militum
1110 725 1196 776 con·
1228 713 1232 722 ’

207 821 312 896 cursu
333 847 375 897 ac
391 823 538 903 vocibus
556 823 618 900 fibi
634 849 773 924 parcere
791 844 985 924 cogeretur.

258 945 361 1019 XLI.
386 946 492 1020 Tunc
532 947 655 1034 duces,
697 943 949 1046 principesquex
965 943 1196 1036 Nerviorum,

206 1065 272 1164 qui
291 1066 455 1166 ¹aliquem
484 1065 652 1141 sermonis
680 1066 830 1160 aditum,
863 1065 1083 1164 caussamque
1106 1064 1196 1140 arni-
1271 1165 1276 1179 .

206 1185 301 1260 citiae
318 1213 402 1260 cum
420 1187 591 1260 Cicerone
614 1187 805 1276 habebant,
828 1185 995 1282 conloqui
1016 1183 1082 1258 sese
1106 1188 1198 1260 velle

206 1307 343 1385 dicunt.
393 1308 501 1380 Fabia
525 1306 705 1404 potestate,
734 1305 872 1394 eadem,
898 1329 978 1401 quae
1006 1303 1198 1380 Ambiorix

207 1451 294 1501 cum
321 1426 464 1502 Titurio
495 1445 626 1526 egerat,
660 1419 961 1500 commemorarit:
998 1431 1028 1468 “
1053 1451 1199 1505 omnem

202 1552 240 1600 ·“
258 1545 324 1620 else
335 1548 377 1620 in
389 1543 493 1622 armis
505 1548 658 1622 Galliam
669 1575 681 1634 3
707 1549 902 1623 Germanos
915 1547 1085 1640 Rbc'num
1102 1568 1197 1622 tran·

209 1672 238 1728 “
252 1669 353 1756 ,fiff03
384 1667 539 1761 Caesaris,
565 1669 856 1767 reliquorumque
883 1669 1030 1748 hiberna
1052 1669 1195 1770 obpug-

133 1861 136 1870 ,
208 1792 237 1829 “
254 1789 341 1863 nari.
392 1791 544 1864 Addunt
559 1789 666 1865 etiam
682 1789 727 1862 de
743 1788 873 1870 Sabini
890 1811 1014 1864 morte.
1066 1790 1195 1867 Ambi-

207 1914 238 1952 “
256 1909 392 2008 origem
408 1909 593 2000 ostentant,
611 1907 696 1982 fidei
711 1907 886 1981 sac-iundae
904 1912 1031 2002 caussa.
1073 1911 1198 1986 Errare

208 2031 340 2104 “eos’'
376 2029 515 2121 dicunt,
557 2035 585 2072 “
612 2031 635 2101 fi
665 2027 861 2126 quidquam
879 2029 939 2102 ab
966 2025 1020 2099 his
1049 2027 1197 2125 praefidii

208 2155 237 2194 “
254 2151 407 2248 sperent,
437 2150 499 2246 qui
527 2147 605 2222 suis'
623 2149 724 2222 rebus
748 2147 954 2242 diffidam.
985 2145 1052 2220 sese
1079 2167 1198 2224 tamen

143 2343 144 2348 ,
210 2276 240 2313 “
256 2271 328 2342 hoc
351 2266 704 2360 eminenciorem
728 2269 971 2367 populumque
988 2270 1197 2346 Romanum

199 2397 238 2485 ξ’
256 2376 389 2482 animo,
415 2410 454 2464 ut
467 2390 579 2482 nihil,
606 2388 665 2464 nisr
694 2389 856 2480 hiberna,
889 2389 1061 2482 recusent,
1090 2409 1197 2490 atque

209 2507 611 2587 ‘ahane-,inveterascere
630 2509 917 2586 consuetudinem
934 2511 1072 2587 nolint:
1094 2513 1196 2590 licere

208 2632 321 2707 “illis
349 2632 586 2710 incolumibus
610 2658 672 2731 per
700 2631 805 2707 se'ex
831 2631 984 2706 hibernis
1009 2633 1196 2728 discedere,
1275 2717 1279 2730 ι

207 2758 236 2812 “
256 2757 290 2827 &
309 2754 547 2854 quascumque
562 2755 600 2828 in
617 2775 727 2852 partes
747 2754 873 2846 uelint,
900 2758 970 2830 srrre
989 2775 1090 2830 metu
1112 2783 1193 2856 pro·

207 2880 235 2918 “
253 2874 394 2950 ficisoi.’'
444 2876 572 2950 Cicero
595 2877 641 2948 ad
657 2877 736 2950 haec
747 2877 861 2950 unum
880 2879 989 2952 modo
1006 2876 1195 2977 respondit.

206 3001 236 3040 “
253 2997 341 3082 Non
358 2997 425 3069 else
440 2993 728 3071 consuetudinem
746 2997 868 3094 populi
885 2997 1057 3089 Romani,
1086 3000 1196 3072 ullam

85 3173 87 3180 ,
207 3115 415 3210 “accipere
442 3117 488 3188 ab
509 3114 609 3188 hoste
632 3135 765 3190 armato
789 3116 1040 3191 conditionem.
1089 3115 1124 3190 Si
1150 3117 1196 3190 ab

208 3241 237 3300 ‘.‘
255 3232 363 3309 armis
379 3232 554 3307 discedere
578 3233 703 3325 velint,
729 3233 763 3308 se
786 3231 942 3330 adjutore
965 3253 1121 3325 utantur,
1146 3237 1195 3310 le-

206 3361 238 3399 “
256 3353 423 3456 gatosque
440 3354 487 3427 ad
504 3349 676 3428 Caesarem
694 3353 855 3428 mittant:
879 3353 1027 3452 sperare,
1045 3380 1108 3454 pro
1124 3352 1197 3454 ejus
1284 3351 1286 3355 ’

208 3481 237 3520 “
250 3471 394 3575 justitia,
421 3501 500 3574 quae
519 3472 693 3573 petierint,
717 3473 987 3571 inpetraturos.''

229 3631 231 3638 ·
254 3598 374 3672 XLll.
401 3597 462 3670 Ab
479 3597 546 3671 hac
561 3593 763 3694 sperepulfi
780 3594 919 3689 Nervii,
949 3598 1043 3674 vallo
1064 3600 1198 3698 pedum

207 3741 266 3811 xr,
293 3716 441 3816 &solla
465 3717 602 3817 pedum
618 3741 687 3816 rev,
712 3715 858 3818 hiberna
875 3716 1036 3820 cingunt.
1067 3722 1196 3810 'Haec,

637 3915 642 3920 .
674 3837 722 3911 Μ
747 3863 768 3935 3
