<?xml version="1.0" encoding="UTF-8"?>
<!DOCTYPE html PUBLIC "-//W3C//DTD XHTML 1.0 Transitional//EN"
    "http://www.w3.org/TR/xhtml1/DTD/xhtml1-transitional.dtd">
<html xmlns="http://www.w3.org/1999/xhtml" xml:lang="en" lang="en">
 <head>
  <title>
</title>
<meta http-equiv="Content-Type" content="text/html;charset=utf-8" />
  <meta name='ocr-system' content='tesseract 3.04.00' />
  <meta name='ocr-capabilities' content='ocr_page ocr_carea ocr_par ocr_line ocrx_word'/>
</head>
<body>
  <div class='ocr_page' id='page_1' title='image "./caiijuliicaesar00dodwgoog_0245.png"; bbox 0 0 2814 4754; ppageno 0'>
   <div class='ocr_carea' id='block_1_1' title="bbox 241 365 955 498">
    <p class='ocr_par' dir='ltr' id='par_1_1' title="bbox 241 365 955 498">
     <span class='ocr_line' id='line_1_1' title="bbox 241 365 955 498; baseline -0.006 -24"><span class='ocrx_word' id='word_1_1' title='bbox 241 365 314 498; x_wconf 55' lang='lat' dir='ltr'>23)f</span> <span class='ocrx_word' id='word_1_2' title='bbox 507 395 550 471; x_wconf 89' lang='lat' dir='ltr'>C.</span> <span class='ocrx_word' id='word_1_3' title='bbox 574 397 716 493; x_wconf 77' lang='lat' dir='ltr'>Jum</span> <span class='ocrx_word' id='word_1_4' title='bbox 741 396 955 472; x_wconf 66' lang='lat' dir='ltr'>Cunnum</span> 
     </span>
    </p>
   </div>
   <div class='ocr_carea' id='block_1_2' title="bbox 76 545 1389 3816">
    <p class='ocr_par' dir='ltr' id='par_1_2' title="bbox 76 545 1389 3816">
     <span class='ocr_line' id='line_1_2' title="bbox 119 545 1227 667; baseline -0.005 -22"><span class='ocrx_word' id='word_1_5' title='bbox 119 613 123 622; x_wconf 67' lang='grc'><strong>«</strong></span> <span class='ocrx_word' id='word_1_6' title='bbox 238 565 377 644; x_wconf 84' lang='lat' dir='ltr'>neficio.</span> <span class='ocrx_word' id='word_1_7' title='bbox 437 564 518 642; x_wconf 77' lang='lat' dir='ltr'>Tali</span> <span class='ocrx_word' id='word_1_8' title='bbox 541 568 653 642; x_wconf 87' lang='lat' dir='ltr'>modo</span> <span class='ocrx_word' id='word_1_9' title='bbox 667 545 846 642; x_wconf 72' lang='lat' dir='ltr'>aecusatus</span> <span class='ocrx_word' id='word_1_10' title='bbox 860 567 907 644; x_wconf 74' lang='lat' dir='ltr'>ed</span> <span class='ocrx_word' id='word_1_11' title='bbox 922 567 998 642; x_wconf 74' lang='lat' dir='ltr'>haec&#39;</span> <span class='ocrx_word' id='word_1_12' title='bbox 1021 564 1227 667; x_wconf 85' lang='lat' dir='ltr'>respondit:</span> 
     </span>
     <span class='ocr_line' id='line_1_3' title="bbox 162 687 1388 794; baseline 0 -30"><span class='ocrx_word' id='word_1_13' title='bbox 162 723 165 733; x_wconf 54' lang='lat'><em>2</em></span> <span class='ocrx_word' id='word_1_14' title='bbox 240 695 270 734; x_wconf 84' lang='lat'><strong><em>“</em></strong></span> <span class='ocrx_word' id='word_1_15' title='bbox 286 689 396 788; x_wconf 80' lang='lat' dir='ltr'>Qod</span> <span class='ocrx_word' id='word_1_16' title='bbox 424 687 539 772; x_wconf 63' lang='lat' dir='ltr'>castra,</span> <span class='ocrx_word' id='word_1_17' title='bbox 560 687 738 780; x_wconf 79' lang='lat' dir='ltr'>moviffet,</span> <span class='ocrx_word' id='word_1_18' title='bbox 766 688 900 764; x_wconf 71' lang='lat' dir='ltr'>fastum</span> <span class='ocrx_word' id='word_1_19' title='bbox 936 687 1058 786; x_wconf 76' lang='lat' dir='ltr'>inopia</span> <span class='ocrx_word' id='word_1_20' title='bbox 1088 687 1230 786; x_wconf 76' lang='lat' dir='ltr'>pabuli,</span> <span class='ocrx_word' id='word_1_21' title='bbox 1387 785 1388 794; x_wconf 8' lang='grc' dir='ltr'>ἵ</span> 
     </span>
     <span class='ocr_line' id='line_1_4' title="bbox 76 789 1388 915; baseline 0 -31"><span class='ocrx_word' id='word_1_22' title='bbox 76 789 83 804; x_wconf 58' lang='grc'><strong>’</strong></span> <span class='ocrx_word' id='word_1_23' title='bbox 240 815 269 854; x_wconf 87' lang='grc'><strong><em>“</em></strong></span> <span class='ocrx_word' id='word_1_24' title='bbox 285 807 392 884; x_wconf 79' lang='lat' dir='ltr'>etiam</span> <span class='ocrx_word' id='word_1_25' title='bbox 409 805 718 915; x_wconf 70' lang='lat' dir='ltr'>ipfinhontaotibus</span> <span class='ocrx_word' id='word_1_26' title='bbox 733 837 744 884; x_wconf 73' lang='grc' dir='ltr'><strong><em>ε</em></strong></span> <span class='ocrx_word' id='word_1_27' title='bbox 760 810 870 910; x_wconf 90' lang='lat' dir='ltr'>&#39;quod</span> <span class='ocrx_word' id='word_1_28' title='bbox 882 808 1026 910; x_wconf 79' lang='lat' dir='ltr'>propius</span> <span class='ocrx_word' id='word_1_29' title='bbox 1042 812 1231 886; x_wconf 77' lang='lat' dir='ltr'>Rmnanoe</span> <span class='ocrx_word' id='word_1_30' title='bbox 1387 849 1388 912; x_wconf 28' lang='grc' dir='ltr'><strong>ᾗ</strong></span> 
     </span>
     <span class='ocr_line' id='line_1_5' title="bbox 238 923 1388 1031; baseline -0.003 -24"><span class='ocrx_word' id='word_1_31' title='bbox 238 936 268 978; x_wconf 86' lang='grc'><strong>“</strong></span> <span class='ocrx_word' id='word_1_32' title='bbox 284 929 481 1024; x_wconf 80' lang='lat' dir='ltr'>acceffiffet,</span> <span class='ocrx_word' id='word_1_33' title='bbox 500 928 695 1030; x_wconf 74' lang='lat' dir='ltr'>persoesum</span> <span class='ocrx_word' id='word_1_34' title='bbox 711 931 781 1008; x_wconf 88' lang='lat' dir='ltr'>loci</span> <span class='ocrx_word' id='word_1_35' title='bbox 804 930 1077 1031; x_wconf 80' lang='lat' dir='ltr'>obportunitnte,</span> <span class='ocrx_word' id='word_1_36' title='bbox 1103 929 1169 1030; x_wconf 88' lang='lat' dir='ltr'>qni</span> <span class='ocrx_word' id='word_1_37' title='bbox 1195 926 1233 1004; x_wconf 78' lang='lat' dir='ltr'>se‘</span> <span class='ocrx_word' id='word_1_38' title='bbox 1387 923 1388 956; x_wconf 65' lang='lat'>³</span> 
     </span>
     <span class='ocr_line' id='line_1_6' title="bbox 240 1049 1231 1152; baseline 0 -28"><span class='ocrx_word' id='word_1_39' title='bbox 240 1059 269 1095; x_wconf 89' lang='lat'><strong>“</strong></span> <span class='ocrx_word' id='word_1_40' title='bbox 284 1049 398 1151; x_wconf 90' lang='lat' dir='ltr'>ipsum</span> <span class='ocrx_word' id='word_1_41' title='bbox 414 1051 613 1128; x_wconf 86' lang='lat' dir='ltr'>munitione</span> <span class='ocrx_word' id='word_1_42' title='bbox 622 1051 844 1128; x_wconf 84' lang='lat' dir='ltr'>defenderet:</span> <span class='ocrx_word' id='word_1_43' title='bbox 870 1051 1032 1152; x_wconf 86' lang='lat' dir='ltr'>equitnm</span> <span class='ocrx_word' id='word_1_44' title='bbox 1041 1077 1128 1126; x_wconf 82' lang='lat' dir='ltr'>vero</span> <span class='ocrx_word' id='word_1_45' title='bbox 1138 1074 1231 1149; x_wconf 84' lang='lat' dir='ltr'>ope·</span> 
     </span>
     <span class='ocr_line' id='line_1_7' title="bbox 239 1169 1229 1272; baseline -0.002 -24"><span class='ocrx_word' id='word_1_46' title='bbox 239 1181 267 1218; x_wconf 92' lang='lat'><strong>“</strong></span> <span class='ocrx_word' id='word_1_47' title='bbox 284 1197 362 1248; x_wconf 75' lang='lat' dir='ltr'>ram</span> <span class='ocrx_word' id='word_1_48' title='bbox 385 1199 501 1272; x_wconf 88' lang='lat' dir='ltr'>neque</span> <span class='ocrx_word' id='word_1_49' title='bbox 524 1174 562 1249; x_wconf 90' lang='lat' dir='ltr'>in</span> <span class='ocrx_word' id='word_1_50' title='bbox 577 1175 660 1250; x_wconf 87' lang='lat' dir='ltr'>loco</span> <span class='ocrx_word' id='word_1_51' title='bbox 676 1173 818 1272; x_wconf 81' lang='lat' dir='ltr'>palustni</span> <span class='ocrx_word' id='word_1_52' title='bbox 844 1174 1029 1250; x_wconf 78' lang='lat' dir='ltr'>defidemri</span> <span class='ocrx_word' id='word_1_53' title='bbox 1050 1169 1229 1262; x_wconf 85' lang='lat' dir='ltr'>deboiffe,</span> 
     </span>
     <span class='ocr_line' id='line_1_8' title="bbox 240 1291 1229 1394; baseline -0.003 -23"><span class='ocrx_word' id='word_1_54' title='bbox 240 1299 269 1338; x_wconf 89' lang='lat'><strong>“</strong></span> <span class='ocrx_word' id='word_1_55' title='bbox 288 1300 323 1371; x_wconf 76' lang='grc' dir='ltr'>ὅτ</span> <span class='ocrx_word' id='word_1_56' title='bbox 356 1291 429 1370; x_wconf 85' lang='lat' dir='ltr'>illic</span> <span class='ocrx_word' id='word_1_57' title='bbox 455 1292 555 1372; x_wconf 79' lang='lat' dir='ltr'>fuiffe</span> <span class='ocrx_word' id='word_1_58' title='bbox 575 1295 713 1387; x_wconf 85' lang='lat' dir='ltr'>utilem,</span> <span class='ocrx_word' id='word_1_59' title='bbox 745 1317 818 1394; x_wconf 83' lang='lat' dir='ltr'>qno</span> <span class='ocrx_word' id='word_1_60' title='bbox 843 1298 907 1370; x_wconf 84' lang='lat' dir='ltr'>fint</span> <span class='ocrx_word' id='word_1_61' title='bbox 933 1292 1104 1394; x_wconf 63' lang='lat' dir='ltr'>profesti.</span> <span class='ocrx_word' id='word_1_62' title='bbox 1129 1291 1229 1368; x_wconf 86' lang='lat' dir='ltr'>sum·</span> 
     </span>
     <span class='ocr_line' id='line_1_9' title="bbox 241 1414 1233 1515; baseline -0.004 -23"><span class='ocrx_word' id='word_1_63' title='bbox 241 1420 269 1460; x_wconf 88' lang='lat'><strong>“</strong></span> <span class='ocrx_word' id='word_1_64' title='bbox 287 1435 384 1492; x_wconf 75' lang='lat' dir='ltr'>mam</span> <span class='ocrx_word' id='word_1_65' title='bbox 402 1414 541 1515; x_wconf 85' lang='lat' dir='ltr'>imperii</span> <span class='ocrx_word' id='word_1_66' title='bbox 561 1414 769 1491; x_wconf 75' lang='lat' dir='ltr'>seconsulto</span> <span class='ocrx_word' id='word_1_67' title='bbox 781 1415 874 1492; x_wconf 88' lang='lat' dir='ltr'>nulli</span> <span class='ocrx_word' id='word_1_68' title='bbox 894 1414 1132 1492; x_wconf 81' lang='lat' dir='ltr'>discedentem</span> <span class='ocrx_word' id='word_1_69' title='bbox 1161 1433 1233 1488; x_wconf 75' lang='lat' dir='ltr'>tra·</span> 
     </span>
     <span class='ocr_line' id='line_1_10' title="bbox 241 1535 1389 1629; baseline 0 -17"><span class='ocrx_word' id='word_1_70' title='bbox 241 1544 270 1580; x_wconf 93' lang='lat'><strong>“</strong></span> <span class='ocrx_word' id='word_1_71' title='bbox 285 1535 423 1629; x_wconf 71' lang='lat' dir='ltr'>didisse,</span> <span class='ocrx_word' id='word_1_72' title='bbox 440 1561 485 1612; x_wconf 87' lang='lat' dir='ltr'>ne</span> <span class='ocrx_word' id='word_1_73' title='bbox 502 1538 531 1612; x_wconf 84' lang='lat' dir='ltr'>is</span> <span class='ocrx_word' id='word_1_74' title='bbox 548 1535 779 1612; x_wconf 76' lang='lat' dir='ltr'>multitudinis</span> <span class='ocrx_word' id='word_1_75' title='bbox 789 1536 905 1612; x_wconf 91' lang='lat' dir='ltr'>studio</span> <span class='ocrx_word' id='word_1_76' title='bbox 919 1537 966 1610; x_wconf 80' lang='lat' dir='ltr'>ad</span> <span class='ocrx_word' id='word_1_77' title='bbox 982 1535 1234 1612; x_wconf 75' lang='lat' dir='ltr'>dimicandum</span> <span class='ocrx_word' id='word_1_78' title='bbox 1388 1605 1389 1618; x_wconf 72' lang='grc'>,</span> 
     </span>
     <span class='ocr_line' id='line_1_11' title="bbox 240 1655 1389 1757; baseline 0 -27"><span class='ocrx_word' id='word_1_79' title='bbox 240 1663 269 1702; x_wconf 89' lang='grc'><strong>“</strong></span> <span class='ocrx_word' id='word_1_80' title='bbox 284 1655 529 1755; x_wconf 86' lang='lat' dir='ltr'>inpelleretur:</span> <span class='ocrx_word' id='word_1_81' title='bbox 556 1656 614 1732; x_wconf 87' lang='lat' dir='ltr'>eui</span> <span class='ocrx_word' id='word_1_82' title='bbox 638 1656 701 1749; x_wconf 86' lang='lat' dir='ltr'>rei,</span> <span class='ocrx_word' id='word_1_83' title='bbox 721 1674 863 1757; x_wconf 86' lang='lat' dir='ltr'>propter</span> <span class='ocrx_word' id='word_1_84' title='bbox 885 1655 994 1731; x_wconf 80' lang='lat' dir='ltr'>animi</span> <span class='ocrx_word' id='word_1_85' title='bbox 1022 1655 1233 1748; x_wconf 82' lang='lat' dir='ltr'>mollitiem,</span> <span class='ocrx_word' id='word_1_86' title='bbox 1388 1661 1389 1668; x_wconf 77' lang='grc'>’</span> 
     </span>
     <span class='ocr_line' id='line_1_12' title="bbox 242 1775 1234 1877; baseline 0 -25"><span class='ocrx_word' id='word_1_87' title='bbox 242 1783 271 1822; x_wconf 88' lang='grc'><strong>“</strong></span> <span class='ocrx_word' id='word_1_88' title='bbox 287 1776 427 1853; x_wconf 79' lang='lat' dir='ltr'>studere</span> <span class='ocrx_word' id='word_1_89' title='bbox 453 1801 577 1852; x_wconf 82' lang='lat' dir='ltr'>omnes</span> <span class='ocrx_word' id='word_1_90' title='bbox 609 1776 757 1871; x_wconf 83' lang='lat' dir='ltr'>videret,</span> <span class='ocrx_word' id='word_1_91' title='bbox 787 1777 884 1877; x_wconf 89' lang='lat' dir='ltr'>quod</span> <span class='ocrx_word' id='word_1_92' title='bbox 910 1775 1040 1852; x_wconf 84' lang='lat' dir='ltr'>diutius</span> <span class='ocrx_word' id='word_1_93' title='bbox 1066 1777 1234 1852; x_wconf 78' lang='lat' dir='ltr'>laborem</span> 
     </span>
     <span class='ocr_line' id='line_1_13' title="bbox 240 1895 1233 2000; baseline -0.001 -26"><span class='ocrx_word' id='word_1_94' title='bbox 240 1906 269 1943; x_wconf 89' lang='lat'><strong>“</strong></span> <span class='ocrx_word' id='word_1_95' title='bbox 286 1895 377 1974; x_wconf 81' lang='lat' dir='ltr'>ferre</span> <span class='ocrx_word' id='word_1_96' title='bbox 402 1923 474 1976; x_wconf 89' lang='lat' dir='ltr'>non</span> <span class='ocrx_word' id='word_1_97' title='bbox 503 1901 661 2000; x_wconf 83' lang='lat' dir='ltr'>poffent:</span> <span class='ocrx_word' id='word_1_98' title='bbox 699 1899 856 1976; x_wconf 71' lang='lat' dir='ltr'>Romani</span> <span class='ocrx_word' id='word_1_99' title='bbox 880 1901 904 1975; x_wconf 86' lang='lat' dir='ltr'>fi</span> <span class='ocrx_word' id='word_1_100' title='bbox 928 1895 1008 1976; x_wconf 79' lang='lat' dir='ltr'>onio</span> <span class='ocrx_word' id='word_1_101' title='bbox 1031 1899 1233 1977; x_wconf 78' lang='lat' dir='ltr'>intervene-</span> 
     </span>
     <span class='ocr_line' id='line_1_14' title="bbox 240 2017 1233 2122; baseline -0.001 -28"><span class='ocrx_word' id='word_1_102' title='bbox 240 2027 268 2066; x_wconf 90' lang='lat'><strong>“</strong></span> <span class='ocrx_word' id='word_1_103' title='bbox 282 2019 368 2113; x_wconf 88' lang='lat' dir='ltr'>rint,</span> <span class='ocrx_word' id='word_1_104' title='bbox 397 2019 570 2110; x_wconf 80' lang='lat' dir='ltr'>fortunae3</span> <span class='ocrx_word' id='word_1_105' title='bbox 596 2026 620 2098; x_wconf 76' lang='lat' dir='ltr'>sn</span> <span class='ocrx_word' id='word_1_106' title='bbox 647 2019 792 2122; x_wconf 80' lang='lat' dir='ltr'>alicujus</span> <span class='ocrx_word' id='word_1_107' title='bbox 821 2019 953 2097; x_wconf 88' lang='lat' dir='ltr'>indicio</span> <span class='ocrx_word' id='word_1_108' title='bbox 978 2019 1109 2112; x_wconf 77' lang='lat' dir='ltr'>vocati,</span> <span class='ocrx_word' id='word_1_109' title='bbox 1142 2017 1233 2096; x_wconf 86' lang='lat' dir='ltr'>huic</span> 
     </span>
     <span class='ocr_line' id='line_1_15' title="bbox 147 2141 1314 2248; baseline -0.001 -31"><span class='ocrx_word' id='word_1_110' title='bbox 147 2154 150 2164; x_wconf 90' lang='lat'>&#39;</span> <span class='ocrx_word' id='word_1_111' title='bbox 241 2141 488 2218; x_wconf 80' lang='lat' dir='ltr'>“habendam</span> <span class='ocrx_word' id='word_1_112' title='bbox 514 2143 676 2244; x_wconf 81' lang='lat' dir='ltr'>gratiam,</span> <span class='ocrx_word' id='word_1_113' title='bbox 695 2145 795 2244; x_wconf 91' lang='lat' dir='ltr'>quod</span> <span class='ocrx_word' id='word_1_114' title='bbox 818 2147 853 2219; x_wconf 72' lang='grc' dir='ltr'>δι</span> <span class='ocrx_word' id='word_1_115' title='bbox 871 2141 1082 2244; x_wconf 77' lang='lat' dir='ltr'>paucitatem</span> <span class='ocrx_word' id='word_1_116' title='bbox 1105 2165 1234 2216; x_wconf 86' lang='lat' dir='ltr'>eorum</span> <span class='ocrx_word' id='word_1_117' title='bbox 1311 2237 1314 2248; x_wconf 28' lang='lat'>¹</span> 
     </span>
     <span class='ocr_line' id='line_1_16' title="bbox 242 2260 1233 2364; baseline 0 -28"><span class='ocrx_word' id='word_1_118' title='bbox 242 2268 272 2308; x_wconf 89' lang='lat'><strong>“</strong></span> <span class='ocrx_word' id='word_1_119' title='bbox 289 2287 334 2336; x_wconf 85' lang='lat' dir='ltr'>ex</span> <span class='ocrx_word' id='word_1_120' title='bbox 352 2263 432 2340; x_wconf 91' lang='lat' dir='ltr'>loco</span> <span class='ocrx_word' id='word_1_121' title='bbox 448 2262 620 2362; x_wconf 82' lang='lat' dir='ltr'>superiore</span> <span class='ocrx_word' id='word_1_122' title='bbox 635 2264 859 2364; x_wconf 84' lang='lat' dir='ltr'>cognoscere,</span> <span class='ocrx_word' id='word_1_123' title='bbox 878 2270 913 2339; x_wconf 73' lang='grc' dir='ltr'>ὅτ</span> <span class='ocrx_word' id='word_1_124' title='bbox 930 2263 1104 2363; x_wconf 82' lang='lat' dir='ltr'>virtutem</span> <span class='ocrx_word' id='word_1_125' title='bbox 1115 2260 1233 2361; x_wconf 81' lang='lat' dir='ltr'>despi-</span> 
     </span>
     <span class='ocr_line' id='line_1_17' title="bbox 242 2371 1235 2486; baseline 0.002 -32"><span class='ocrx_word' id='word_1_126' title='bbox 242 2371 367 2472; x_wconf 69' lang='lat' dir='ltr'>“cere</span> <span class='ocrx_word' id='word_1_127' title='bbox 392 2383 590 2480; x_wconf 79' lang='lat' dir='ltr'>potuerint3</span> <span class='ocrx_word' id='word_1_128' title='bbox 618 2384 680 2483; x_wconf 90' lang='lat' dir='ltr'>qui</span> <span class='ocrx_word' id='word_1_129' title='bbox 706 2384 876 2460; x_wconf 78' lang='lat' dir='ltr'>dimicare</span> <span class='ocrx_word' id='word_1_130' title='bbox 899 2410 972 2458; x_wconf 91' lang='lat' dir='ltr'>non</span> <span class='ocrx_word' id='word_1_131' title='bbox 996 2387 1066 2460; x_wconf 83' lang='lat' dir='ltr'>anfi</span> <span class='ocrx_word' id='word_1_132' title='bbox 1081 2383 1235 2486; x_wconf 71' lang='lat' dir='ltr'>turpiter</span> 
     </span>
     <span class='ocr_line' id='line_1_18' title="bbox 241 2499 1236 2606; baseline 0.003 -31"><span class='ocrx_word' id='word_1_133' title='bbox 241 2508 270 2548; x_wconf 91' lang='lat'><strong>“</strong></span> <span class='ocrx_word' id='word_1_134' title='bbox 287 2499 320 2576; x_wconf 87' lang='lat' dir='ltr'>se</span> <span class='ocrx_word' id='word_1_135' title='bbox 338 2501 375 2576; x_wconf 88' lang='lat' dir='ltr'>in</span> <span class='ocrx_word' id='word_1_136' title='bbox 391 2502 501 2578; x_wconf 84' lang='lat' dir='ltr'>castra</span> <span class='ocrx_word' id='word_1_137' title='bbox 517 2505 722 2603; x_wconf 83' lang='lat' dir='ltr'>roceperint.</span> <span class='ocrx_word' id='word_1_138' title='bbox 771 2503 966 2606; x_wconf 87' lang='lat' dir='ltr'>Imperium</span> <span class='ocrx_word' id='word_1_139' title='bbox 982 2502 1017 2578; x_wconf 90' lang='lat' dir='ltr'>se</span> <span class='ocrx_word' id='word_1_140' title='bbox 1031 2507 1079 2580; x_wconf 82' lang='lat' dir='ltr'>ab</span> <span class='ocrx_word' id='word_1_141' title='bbox 1094 2501 1236 2578; x_wconf 63' lang='lat' dir='ltr'>caesare</span> 
     </span>
     <span class='ocr_line' id='line_1_19' title="bbox 241 2625 1236 2722; baseline 0 -24"><span class='ocrx_word' id='word_1_142' title='bbox 241 2630 355 2722; x_wconf 84' lang='lat' dir='ltr'>“per</span> <span class='ocrx_word' id='word_1_143' title='bbox 383 2625 617 2721; x_wconf 83' lang='lat' dir='ltr'>proditionem</span> <span class='ocrx_word' id='word_1_144' title='bbox 643 2626 783 2705; x_wconf 89' lang='lat' dir='ltr'>nullum</span> <span class='ocrx_word' id='word_1_145' title='bbox 808 2625 1015 2714; x_wconf 79' lang='lat' dir='ltr'>defidetare,</span> <span class='ocrx_word' id='word_1_146' title='bbox 1047 2625 1146 2720; x_wconf 87' lang='lat' dir='ltr'>qnod</span> <span class='ocrx_word' id='word_1_147' title='bbox 1168 2626 1236 2698; x_wconf 77' lang='lat' dir='ltr'>ha·</span> 
     </span>
     <span class='ocr_line' id='line_1_20' title="bbox 241 2741 1237 2844; baseline 0.003 -28"><span class='ocrx_word' id='word_1_148' title='bbox 241 2746 370 2816; x_wconf 88' lang='lat' dir='ltr'>“bere</span> <span class='ocrx_word' id='word_1_149' title='bbox 394 2743 540 2818; x_wconf 66' lang='lat' dir='ltr'>victoria</span> <span class='ocrx_word' id='word_1_150' title='bbox 562 2745 688 2843; x_wconf 74' lang='lat' dir='ltr'>posset,</span> <span class='ocrx_word' id='word_1_151' title='bbox 715 2769 795 2843; x_wconf 79' lang='lat' dir='ltr'>qnae</span> <span class='ocrx_word' id='word_1_152' title='bbox 817 2741 894 2842; x_wconf 87' lang='lat' dir='ltr'>jam</span> <span class='ocrx_word' id='word_1_153' title='bbox 922 2743 1006 2818; x_wconf 82' lang='lat' dir='ltr'>effet</span> <span class='ocrx_word' id='word_1_154' title='bbox 1033 2742 1096 2818; x_wconf 85' lang='lat' dir='ltr'>fibi</span> <span class='ocrx_word' id='word_1_155' title='bbox 1122 2761 1237 2844; x_wconf 76' lang='lat' dir='ltr'>atque</span> 
     </span>
     <span class='ocr_line' id='line_1_21' title="bbox 242 2862 1235 2966; baseline 0.006 -30"><span class='ocrx_word' id='word_1_156' title='bbox 242 2869 272 2907; x_wconf 88' lang='lat'><strong>“</strong></span> <span class='ocrx_word' id='word_1_157' title='bbox 288 2862 454 2938; x_wconf 84' lang='lat' dir='ltr'>omnibus</span> <span class='ocrx_word' id='word_1_158' title='bbox 471 2863 584 2940; x_wconf 80' lang='lat' dir='ltr'>Gallis</span> <span class='ocrx_word' id='word_1_159' title='bbox 607 2866 813 2964; x_wconf 81' lang='lat' dir='ltr'>explorata:</span> <span class='ocrx_word' id='word_1_160' title='bbox 840 2863 927 2966; x_wconf 88' lang='lat' dir='ltr'>quin</span> <span class='ocrx_word' id='word_1_161' title='bbox 950 2863 1057 2939; x_wconf 72' lang='lat' dir='ltr'>etiem</span> <span class='ocrx_word' id='word_1_162' title='bbox 1077 2863 1160 2963; x_wconf 80' lang='lat' dir='ltr'>ipfis</span> <span class='ocrx_word' id='word_1_163' title='bbox 1176 2888 1235 2942; x_wconf 85' lang='lat' dir='ltr'>re·</span> 
     </span>
     <span class='ocr_line' id='line_1_22' title="bbox 241 2966 1235 3087; baseline 0.003 -27"><span class='ocrx_word' id='word_1_164' title='bbox 241 2991 269 3031; x_wconf 89' lang='lat'><strong>“</strong></span> <span class='ocrx_word' id='word_1_165' title='bbox 288 2983 438 3078; x_wconf 87' lang='lat' dir='ltr'>mittere,</span> <span class='ocrx_word' id='word_1_166' title='bbox 456 2966 489 3061; x_wconf 70' lang='lat' dir='ltr'>&#39;fi</span> <span class='ocrx_word' id='word_1_167' title='bbox 517 2985 579 3061; x_wconf 86' lang='lat' dir='ltr'>fibi</span> <span class='ocrx_word' id='word_1_168' title='bbox 600 2984 714 3086; x_wconf 79' lang='lat' dir='ltr'>magis</span> <span class='ocrx_word' id='word_1_169' title='bbox 736 2987 908 3062; x_wconf 85' lang='lat' dir='ltr'>honorem</span> <span class='ocrx_word' id='word_1_170' title='bbox 931 2985 1096 3079; x_wconf 83' lang='lat' dir='ltr'>tribuere,</span> <span class='ocrx_word' id='word_1_171' title='bbox 1121 3011 1235 3087; x_wconf 84' lang='lat' dir='ltr'>qnam</span> 
     </span>
     <span class='ocr_line' id='line_1_23' title="bbox 242 3103 1232 3208; baseline 0 -26"><span class='ocrx_word' id='word_1_172' title='bbox 242 3115 271 3152; x_wconf 91' lang='lat'><strong>“</strong></span> <span class='ocrx_word' id='word_1_173' title='bbox 286 3109 335 3183; x_wconf 76' lang='lat' dir='ltr'>ab</span> <span class='ocrx_word' id='word_1_174' title='bbox 350 3106 385 3182; x_wconf 87' lang='lat' dir='ltr'>se</span> <span class='ocrx_word' id='word_1_175' title='bbox 404 3104 550 3182; x_wconf 77' lang='lat' dir='ltr'>salutem</span> <span class='ocrx_word' id='word_1_176' title='bbox 573 3107 730 3208; x_wconf 73' lang='lat' dir='ltr'>accipere</span> <span class='ocrx_word' id='word_1_177' title='bbox 752 3103 948 3182; x_wconf 81' lang='lat' dir='ltr'>videantur.</span> <span class='ocrx_word' id='word_1_178' title='bbox 997 3107 1093 3186; x_wconf 82' lang='lat' dir='ltr'>Haec</span> <span class='ocrx_word' id='word_1_179' title='bbox 1115 3128 1156 3182; x_wconf 92' lang='lat' dir='ltr'>ut</span> <span class='ocrx_word' id='word_1_180' title='bbox 1176 3107 1232 3182; x_wconf 88' lang='lat' dir='ltr'>in·</span> 
     </span>
     <span class='ocr_line' id='line_1_24' title="bbox 243 3209 1231 3330; baseline 0.001 -26"><span class='ocrx_word' id='word_1_181' title='bbox 243 3236 271 3274; x_wconf 87' lang='lat'><strong>“</strong></span> <span class='ocrx_word' id='word_1_182' title='bbox 290 3227 501 3330; x_wconf 81' lang='lat' dir='ltr'>tellegatis‚”</span> <span class='ocrx_word' id='word_1_183' title='bbox 525 3227 655 3329; x_wconf 89' lang='lat' dir='ltr'>inquit,</span> <span class='ocrx_word' id='word_1_184' title='bbox 678 3235 712 3274; x_wconf 82' lang='grc'><strong>“</strong></span> <span class='ocrx_word' id='word_1_185' title='bbox 739 3255 762 3302; x_wconf 75' lang='lat' dir='ltr'><strong>a</strong></span> <span class='ocrx_word' id='word_1_186' title='bbox 775 3249 835 3304; x_wconf 88' lang='lat' dir='ltr'>me</span> <span class='ocrx_word' id='word_1_187' title='bbox 853 3231 979 3304; x_wconf 84' lang='lat' dir='ltr'>finoere</span> <span class='ocrx_word' id='word_1_188' title='bbox 996 3209 1231 3328; x_wconf 69' lang='lat' dir='ltr'>pronomini,</span> 
     </span>
     <span class='ocr_line' id='line_1_25' title="bbox 243 3347 1230 3441; baseline 0.004 -17"><span class='ocrx_word' id='word_1_189' title='bbox 243 3358 272 3396; x_wconf 89' lang='lat'><strong>“</strong></span> <span class='ocrx_word' id='word_1_190' title='bbox 288 3349 406 3426; x_wconf 85' lang='lat' dir='ltr'>audite</span> <span class='ocrx_word' id='word_1_191' title='bbox 438 3352 621 3426; x_wconf 67' lang='lat' dir='ltr'>Romanos</span> <span class='ocrx_word' id='word_1_192' title='bbox 657 3351 820 3426; x_wconf 80' lang='lat' dir='ltr'>militee.&#39;’</span> <span class='ocrx_word' id='word_1_193' title='bbox 864 3347 1064 3426; x_wconf 68' lang='lat' dir='ltr'>,Producit</span> <span class='ocrx_word' id='word_1_194' title='bbox 1103 3347 1230 3441; x_wconf 74' lang='lat' dir='ltr'>servos,</span> 
     </span>
     <span class='ocr_line' id='line_1_26' title="bbox 242 3469 1227 3570; baseline 0.002 -27"><span class='ocrx_word' id='word_1_195' title='bbox 242 3496 332 3570; x_wconf 86' lang='lat' dir='ltr'>quos</span> <span class='ocrx_word' id='word_1_196' title='bbox 348 3471 385 3545; x_wconf 87' lang='lat' dir='ltr'>in</span> <span class='ocrx_word' id='word_1_197' title='bbox 403 3471 626 3570; x_wconf 77' lang='lat' dir='ltr'>pabulatione</span> <span class='ocrx_word' id='word_1_198' title='bbox 644 3471 765 3569; x_wconf 69' lang='lat' dir='ltr'>paucis</span> <span class='ocrx_word' id='word_1_199' title='bbox 781 3490 862 3546; x_wconf 83' lang='lat' dir='ltr'>ante</span> <span class='ocrx_word' id='word_1_200' title='bbox 877 3469 1004 3546; x_wconf 76' lang='lat' dir='ltr'>diebus</span> <span class='ocrx_word' id='word_1_201' title='bbox 1032 3489 1227 3569; x_wconf 78' lang='lat' dir='ltr'>exoepemt,</span> 
     </span>
     <span class='ocr_line' id='line_1_27' title="bbox 244 3587 1230 3692; baseline 0.003 -28"><span class='ocrx_word' id='word_1_202' title='bbox 244 3595 278 3664; x_wconf 69' lang='grc' dir='ltr'>δι</span> <span class='ocrx_word' id='word_1_203' title='bbox 296 3587 391 3665; x_wconf 77' lang='lat' dir='ltr'>same</span> <span class='ocrx_word' id='word_1_204' title='bbox 406 3590 633 3692; x_wconf 82' lang='lat' dir='ltr'>vinculisque·</span> <span class='ocrx_word' id='word_1_205' title='bbox 649 3589 920 3668; x_wconf 79' lang='lat' dir='ltr'>excruciaverat.</span> <span class='ocrx_word' id='word_1_206' title='bbox 970 3589 1025 3668; x_wconf 86' lang='lat' dir='ltr'>Hi</span> <span class='ocrx_word' id='word_1_207' title='bbox 1044 3589 1122 3688; x_wconf 84' lang='lat' dir='ltr'>jam</span> <span class='ocrx_word' id='word_1_208' title='bbox 1147 3611 1230 3667; x_wconf 81' lang='lat' dir='ltr'>ante</span> 
     </span>
     <span class='ocr_line' id='line_1_28' title="bbox 242 3709 1232 3816; baseline 0.002 -28"><span class='ocrx_word' id='word_1_209' title='bbox 242 3709 373 3802; x_wconf 74' lang='lat' dir='ltr'>edoni,</span> <span class='ocrx_word' id='word_1_210' title='bbox 401 3735 482 3811; x_wconf 76' lang='lat' dir='ltr'>qnae</span> <span class='ocrx_word' id='word_1_211' title='bbox 512 3712 713 3812; x_wconf 81' lang='lat' dir='ltr'>interrogati</span> <span class='ocrx_word' id='word_1_212' title='bbox 742 3712 1021 3816; x_wconf 77' lang='lat' dir='ltr'>pronunciaoent,</span> <span class='ocrx_word' id='word_1_213' title='bbox 1049 3719 1077 3757; x_wconf 89' lang='lat'><strong>“</strong></span> <span class='ocrx_word' id='word_1_214' title='bbox 1103 3709 1232 3790; x_wconf 74' lang='lat' dir='ltr'>militen</span> 
     </span>
    </p>
   </div>
   <div class='ocr_carea' id='block_1_3' title="bbox 0 0 1412 4754">
    <p class='ocr_par' dir='ltr' id='par_1_3' title="bbox 0 0 1412 4754">
     <span class='ocr_line' id='line_1_29' title="bbox 0 0 1412 4754; baseline 0 0"><span class='ocrx_word' id='word_1_215' title='bbox 0 0 1412 4754; x_wconf 95' lang='lat' dir='ltr'> </span> 
     </span>
    </p>
   </div>
  </div>
 </body>
</html>
