2932 4750
404 421 458 502 or
479 399 613 514 Becco
639 400 830 480 Gaccrco
853 400 988 483 er.·I.
1120 429 1187 510 ‘¹⁹

198 573 379 665 'Valerium
391 576 607 678 Procillum·
616 579 812 680 principem
827 578 953 656 Gallia
980 576 1188 680 provincie,

199 695 407 776 familiarem
439 695 554 794 suum,
592 699 649 776 cui
673 697 848 778 summam
876 699 1038 778 omnium
1071 717 1202 780 retum·

197 819 311 894 fidem
328 820 494 911 habebat,
520 815 604 900 c'um
627 846 670 898 eo
690 821 941 923 conloquitur:
969 822 1070 898 fimul
1087 847 1213 914 com,

200 937 402 1034 monefacit‚
432 967 511 1042 quae
537 940 612 1041 ipso
639 943 804 1042 prasente
831 942 1045 1019 inconcilio
1065 944 1186 1024 Gallo·

198 1083 278 1136 rum
294 1064 340 1138 de
356 1063 580 1164 Dumnorige
614 1068 678 1142 smt
705 1063 812 1154 dim,
837 1067 881 1138 ,δι
910 1063 1071 1157 ostendit,
1103 1090 1183 1163 quae

199 1178 380 1282 separatim
410 1183 556 1284 quisque
585 1183 632 1258 de
660 1207 704 1260 eo
727 1183 823 1281 apud
839 1182 873 1260 se
888 1181 1028 1261 dixerit.
1076 1186 1184 1282 Petit,

197 1321 303 1402 atquc
318 1307 492 1396 hortatur,
518 1322 558 1380 ut
575 1309 644 1382 fine
659 1302 731 1404 ejus
753 1301 955 1380 obfemione
981 1303 1104 1394 animi,
1129 1309 1186 1382 vel

199 1421 273 1520 ipsa
289 1425 334 1500 de
358 1449 416 1515 co,
442 1428 554 1502 cauda
577 1425 732 1526 cognita,
758 1425 897 1518 statuat,
924 1424 982 1498 vel
1010 1423 1187 1504 civitatem

198 1543 347 1618 statuere
356 1543 491 1643 jubeat.

212 1709 214 1714 ·
246 1667 332 1742 XX.
356 1666 553 1748 Divitiacus
579 1668 699 1746 multia
725 1693 809 1746 cum
834 1667 985 1744 lacrimis
1013 1665 1184 1746 Cesaram

199 1788 407 1884 complexus
424 1787 603 1866 obsecrare
620 1789 743 1888 coepit,
770 1798 798 1834 “
817 1795 861 1865 nel
878 1790 966 1888 quid
986 1788 1130 1889 gravius
1147 1790 1185 1864 in

200 1905 387 1989 “fratrem
414 1910 601 1989 statueret:
627 1911 712 1987 seire
734 1910 782 2002 se,
807 1910 868 1986 illa
890 1912 959 1984 effe
982 1935 1089 1986 vera:
1119 1935 1184 1987 nec

197 2032 226 2112 .“
243 2023 460 2130 quemquam
475 2055 520 2110 ex
535 2057 579 2106 eo
592 2033 685 2131 plur,
704 2057 811 2130 quam
829 2028 875 2122 se,
889 2027 1021 2104 doloris
1037 2052 1185 2126 capere:

198 2157 226 2195 “
244 2171 430 2249 propterea
461 2154 575 2250 quod,
606 2177 719 2250 quum
737 2150 822 2248 -ipse
851 2149 964 2250 gratia
994 2148 1186 2246 plurimum

198 2275 230 2313 “
245 2268 361 2360 domi,
386 2288 493 2368 atque
521 2270 559 2344 in
586 2272 722 2372 reliqua
745 2251 873 2361 Gallia,
906 2269 965 2344 ille
995 2268 1186 2348 minimum

194 2395 228 2460 ‘5¹‘
244 2409 387 2488 propter
414 2390 679 2470 adolescentiam
708 2393 830 2490 posset,
867 2389 989 2490 perse
1016 2390 1183 2468 creviffet.
1268 2428 1274 2440 ,

198 2519 226 2592 ,“
245 2513 387 2609 Qibus
402 2512 531 2611 opibus
554 2539 596 2604 ac
608 2511 737 2603 nervis,
759 2537 830 2588 non
860 2510 973 2588 solum
991 2513 1037 2586 ad
1066 2511 1182 2588 minu-

198 2640 227 2677 “
244 2633 375 2713 codam
401 2617 566 2732 gradam,
595 2630 655 2708 sed
672 2657 772 2738 paene
796 2633 843 2710 ad
870 2631 1060 2730 perniciem
1088 2630 1184 2710 suam
1242 2666 1245 2678 ·

198 2760 225 2800 “
242 2774 417 2832 uteretur:
449 2753 515 2832 seso
532 2771 649 2832 tamen
674 2759 843 2834 &amore
866 2751 1029 2846 fraterno,
1059 2757 1094 2828 δι
1119 2779 1181 2830 cx-

198 2881 227 2924 “
245 2874 454 2956 istimatiotre
470 2877 568 2975 vulgi
584 2874 814 2954 commoveri.
838 2957 842 2966 ,
863 2877 1015 2975 Qrodsr
1040 2874 1127 2975 quid
1151 2876 1183 2950 ei

128 3001 132 3014 '
199 3001 264 3074 “a
291 2993 423 3074 Caesare
451 2996 589 3096 gravius
626 2995 814 3085 accidisset,
851 3021 964 3093 quum
982 3089 986 3097 Ι
1001 2994 1074 3095 ipse
1099 3019 1183 3069 eum

194 3117 362 3196 “iocum
388 3117 549 3198 amicitia
583 3118 680 3216 apud
715 3141 797 3194 eum
829 3134 974 3208 teneret,
1005 3116 1187 3204 neminem

200 3219 524 3316 “existimaturum
548 3221 629 3310 non'
645 3232 703 3314 sua
729 3237 908 3310 voluntate
930 3236 1087 3322 fadum
1115 3262 1185 3335 qua

197 3363 226 3402 ‘⁴
243 3377 289 3434 exx
305 3353 525 3447 refuturum,'
543 3354 595 3433 uti
611 3354 716 3434 totius
732 3354 856 3434 Gallia
873 3353 982 3430 animi
996 3355 1062 3430 ase
1084 3381 1181 3434 aver·

196 3484 225 3524 ‘⁶
242 3480 434 3559 terentur.’'
483 3480 579 3560 Haec
607 3501 721 3576 quum
740 3475 899 3582 pluribus
916 3475 1030 3552 verbis
1051 3479 1138 3555 flens
1160 3505 1181 3554 a

195 3597 329 3678 Caesare
341 3616 484 3699 peteret,
508 3595 621 3674 Caesar
635 3594 708 3698 ejus
724 3599 888 3678 dextram
908 3599 1047 3697 prendit
1059 3625 1180 3690 reon-

194 3717 319 3798 solatus
344 3739 459 3826 rogat,
477 3720 585 3798 finem
603 3719 727 3794 orandi
744 3716 870 3798 faciat:
895 3721 980 3796 tanti
998 3720 1070 3821 ejus
1086 3723 1180 3817 apud

657 3838 687 3911 C
715 3862 734 3911 2
