2814 4754
232 381 319 477 .r76
379 327 382 336 Ι
436 393 459 430 ··
499 375 970 472 ·C‡.J·urrrCmsnnrs
1019 437 1021 444 .

247 540 359 614 mines
380 542 549 618 barbaros
563 544 694 648 valuit,
718 545 787 638 effe
807 562 960 642 repertos
983 539 1119 640 aliquos
1137 541 1232 641 prin-

228 659 351 758 'cipes
368 661 451 737 belli
463 722 466 732 .
480 661 664 755 inserendi,
690 684 895 762 tantamque
919 661 1083 737 omnibus
1103 664 1233 740 volun·

246 802 359 857 tatum
375 785 690 860 commutationem
707 785 858 878 adtuliu
884 803 923 858 ut
940 804 1065 883 praeter
1081 783 1233 875 AEduos,

245 907 283 978 δι
300 907 451 1000 Remos,
482 931 571 1004 quos
601 905 779 1004 praecipuo
804 903 938 1004 semper
963 908 1096 982 honore
1120 901 1235 980 Caesar

241 1025 533 1115 -habuitralteros
550 1051 615 1124 pro
628 1046 745 1100 vetere
769 1052 810 1100 ac
831 1043 997 1125 perpetua
1013 1051 1096 1125 erga
1119 1051 1234 1124 popu-

249 1147 324 1220 lum
341 1149 548 1221 Romanum
565 1146 660 1234 fide;
687 1150 826 1240 alteros,
854 1174 917 1246 pro
934 1133 1236 1224 recentibus'Gat-

237 1264 307 1354 ¹lici
325 1267 409 1341 belli
426 1267 562 1357 officiis,
588 1269 685 1342 nulla
712 1267 783 1342 fere
806 1269 926 1344 civitas
941 1269 1043 1344 fuerit
1068 1292 1141 1342 non
1167 1265 1235 1341 sus-

248 1386 493 1486 peslanobis:
519 1371 629 1486 idque
644 1390 747 1479 adeo,
773 1390 868 1464 haud
882 1389 965 1479 scio,
988 1387 1236 1464 mirandumne

250 1511 303 1599 fit,
331 1534 444 1607 quum
460 1509 703 1608 compluribus
718 1509 793 1584 aliis
809 1512 854 1584 de
876 1507 1009 1600 cauffis,
1039 1529 1117 1584 tum
1133 1533 1235 1582 max·

248 1629 333 1719 ime,
359 1630 479 1728 quod,
514 1630 575 1727 qui
603 1630 730 1705 virtute
765 1629 847 1704 belli
875 1630 1041 1708 omnibus
1069 1629 1238 1726 gentibus

249 1748 533 1848 praeserebantur‚
559 1771 695 1826 tantum
721 1748 755 1824 se
777 1747 855 1848 ejus
875 1750 1048 1848 opinionis
1071 1747 1234 1848 deperdi-

182 1949 185 1956 Δ
248 1869 349 1961 disse,
366 1891 414 1945 ut
443 1897 464 1946 a
493 1873 627 1971 populo
656 1876 823 1948 Romano
858 1867 1005 1971 imperia
1033 1867 1234 1970 perferrent,

251 1990 447 2093 gravissime
464 1993 644 2068 dolebant.

278 2175 280 2182 .
300 2115 382 2190 LV.
407 2112 544 2189 Treviri
573 2139 673 2206 vero,
703 2136 809 2214 atque
830 2114 1106 2206 Indutiomarus,
1129 2110 1237 2186 totius

229 2229 375 2312 'hiemis
403 2237 542 2311 nullum
573 2256 712 2335 tempus
733 2238 1010 2328 intermiserunt,
1036 2235 1122 2335 quin
1146 2254 1238 2308 trans

252 2357 423 2430 Rhenum
440 2345 585 2453 'leg'atos
605 2355 805 2442 mitterent;
832 2357 987 2431 civitates
1005 2355 1237 2444 sollicitarent,

244 2473 431 2576 .pecunias.
452 2474 722 2573 pollicerentur3
766 2501 896 2574 magna
937 2495 1034 2572 parte
1066 2475 1241 2560 exercitus

252 2596 361 2672 nostri
389 2593 579 2685 interfeste,
609 2596 722 2668 multo
750 2593 923 2670 minorem
949 2592 1116 2690 superesse
1142 2593 1239 2672 dice-

250 2735 326 2788 rent
355 2736 500 2814 pattem.
532 2716 678 2816 'Neque
706 2731 826 2788 tamen
847 2712 910 2788 ulli
935 2712 1067 2788 civitati
1089 2715 1240 2790 Germa·

251 2859 381 2912 norum
408 2833 599 2934 persuaderi
629 2832 761 2933 potuit²
786 2853 826 2908 ut
859 2835 1028 2912 Rhenum
1057 2831 1237 2909 transret:

255 2962 415 3056 “quum
448 2956 482 3032 se
510 2955 564 3032 bis
592 2958 776 3055 expertos''
815 2954 984 3046 dicerent,
1016 2961 1043 2998 “
1072 2954 1240 3031 Ariovisti

253 3085 284 3123 “
301 3075 411 3170 bello,
430 3082 464 3154 δι
481 3079 788 3154 Tenchtherorum
803 3080 969 3165 trunsrtu3
996 3103 1069 3152 non
1083 3077 1151 3152 esse
1165 3102 1240 3152 arn·

256 3175 392 3300 “plius
418 3200 598 3277 fortunam
626 3199 865 3276 tentandam.”
931 3200 1016 3274 Hac
1041 3197 1101 3297 spe
1128 3195 1240 3296 lapsus

254 3323 532 3414 Induciomarus,
554 3319 664 3396 nihilo
686 3321 803 3398 minus
813 3319 948 3420 scopias
973 3345 1112 3420 cogere,
1142 3341 1240 3393 exer-

255 3466 348 3535 cere,
373 3471 395 3518 a
420 3440 579 3518 finitimis
606 3467 717 3541 equos
737 3467 871 3540 parare,
889 3438 1022 3518 exsules
1045 3435 1239 3518 damnatos-

244 3587 327 3660 .que
342 3582 416 3637 tota
433 3562 548 3638 Gallia
561 3561 701 3662 magnis
728 3562 877 3661 praemiis
892 3563 938 3639 ad
953 3561 987 3638 se
1002 3561 1149 3638 adlicere
1165 3583 1238 3634 coe·

211 3741 215 3752 .
257 3681 326 3784 pit3
352 3706 394 3757 ac
408 3700 540 3764 tantam
562 3682 627 3787 fibi·
638 3679 718 3782 jam
733 3682 773 3759 iis
789 3686 892 3789 rebus
904 3669 952 3762 in.
962 3681 1078 3760 Gallio
1092 3678 1241 3758 austori-
1269 3689 1274 3704 '
