2932 4750
418 401 469 452 nn
491 377 624 453 ilatio
649 375 837 452 Gannico
862 375 955 452 Lta.
972 377 1002 454 1.
1158 401 1198 482 gt

220 547 358 626 videbat
387 553 648 626 Germanorum
674 551 807 640 teneri3
845 573 1041 650 eorumque
1068 552 1204 628 obfides

218 673 286 746 else
312 674 407 772 apud
428 672 662 764 Ariovistum,
685 697 726 747 ac
745 675 925 771 Sequanos
949 669 1201 774 intellegebat
1296 717 1300 730 ·

217 795 315 891 quod
332 793 367 867 in
385 814 482 868 tanto
498 793 647 893 imperio
665 794 787 892 populi
800 792 955 868 Romani
971 789 1205 892 turpillimum

217 914 342 990 fibi&
370 914 591 1015 Reipublicae
622 915 691 990 else
723 913 965 988 arbitrabatur.
1014 913 1203 988 Paullatim

216 1053 334 1110 autem
349 1039 549 1116 ‚Germanos
565 1031 782 1110 consuescere
806 1034 975 1110 Rhenum
989 1034 1140 1127 transire,
1167 1039 1203 1112 dt
1304 1115 1308 1138 ¹

215 1154 252 1228 in
269 1157 422 1230 Galliam
452 1178 621 1254 magnam
638 1177 761 1229 eorum
786 1153 1046 1230 multitudinem
1068 1151 1201 1249 venire,

216 1278 353 1374 populo
378 1263 546 1351 Romano
564 1274 796 1374 periculosum
813 1275 979 1350 videbat:
1007 1299 1119 1376 neque
1140 1278 1202 1354 libi

216 1397 379 1472 homines
403 1396 493 1472 feros
514 1423 553 1472 ac
573 1399 737 1472 barbaros
753 1417 1005 1496 temperaturos
1024 1393 1203 1474 existima·

217 1513 290 1609 bat,
316 1518 416 1617 quin,
443 1542 555 1617 quum
571 1541 715 1594 omnem
732 1519 885 1594 Galliam
903 1516 1141 1618 occupaffent,
1165 1535 1205 1595 ut

215 1657 297 1712 ante
313 1637 462 1731 Cimbri,
489 1639 715 1738 Teutonique
730 1639 899 1732 seciffent,
924 1639 961 1714 in
983 1639 1204 1738 provinciam

216 1759 366 1850 exirent,
389 1779 495 1858 atque
511 1759 592 1834 inde
607 1760 645 1834 in
662 1761 797 1836 ltaliam
810 1763 1086 1849 contenderent3
1113 1787 1201 1862 pra-

191 1955 193 1958 .
214 1878 328 1955 settim
346 1905 458 1978 quum
474 1883 653 1979 Sequanos
669 1908 690 1955 a
714 1881 897 1980 provincia
913 1881 1029 1956 nostra
1054 1884 1200 1959 Rhoda·

215 2024 281 2076 nus
303 2001 499 2077 divideret:
527 2002 657 2100 quibua
674 2003 777 2076 rebus
794 2025 901 2100 quam
925 1999 1127 2076 maturrime
1143 2025 1203 2078 oc-

115 2175 117 2185 ·
215 2123 429 2197 currendum
446 2124 603 2218 putabat.
652 2117 730 2219 lpse
746 2137 864 2194 autern
881 2120 1078 2196 Ariovistus
1091 2139 1204 2198 tantos

216 2240 281 2316 fibi
296 2239 447 2338 spiritus,
472 2259 607 2315 tantam
630 2240 873 2340 adrogantiam
896 2239 1071 2335 sumserat,
1093 2257 1132 2318 ul
1153 2244 1202 2320 fe·

213 2362 343 2442 tendor
359 2342 431 2435 non
447 2358 632 2435 videretur.

262 2479 439 2558 XXXIV.
464 2483 709 2581 Qramobrem
733 2481 865 2580 placuit
891 2482 937 2574 ei,
968 2503 1006 2560 ut
1031 2487 1077 2560 ad
1095 2485 1200 2562 Ario*

212 2603 341 2678 mistum
357 2603 491 2703 legatos
508 2601 673 2693 mitteret,
699 2601 761 2700 qui
776 2605 823 2676 ab
839 2619 882 2677 eu
899 2604 1123 2702 polbtlarent,
1152 2607 1202 2682 uti

214 2723 368 2824 aliquem
385 2705 516 2798 locutn‘
529 2722 688 2798 medium
703 2720 879 2822 utriusque
894 2726 1085 2826 conloquio
1104 2725 1200 2804 dice-

215 2865 287 2921 ret:
306 2846 405 2920 velle
420 2843 487 2919 sese
507 2841 553 2918 de
577 2843 778 2942 Republica
804 2846 1000 2923 &summis
1022 2847 1200 2947 utriusque

216 2969 317 3042 rebus
334 2982 416 3042 cum
443 2985 487 3040 eo
508 2987 621 3064 agere.
673 2963 719 3038 Ei
735 2965 901 3064 legationi
925 2967 1122 3044 Ariovistus
1148 2991 1200 3042 re·
1264 2997 1268 3001 ·

215 3085 355 3186 spondit
365 3115 377 3176 ;
404 3093 433 3130 “
449 3086 484 3159 Si
499 3085 598 3185 ,quid
613 3085 676 3183 ipsr
704 3086 879 3164 aCaesare.
896 3113 986 3188 opus
1010 3087 1108 3180 effet,
1134 3085 1202 3161 lese

216 3209 308 3284 “ad
340 3229 423 3284 eum
449 3225 637 3282 venturum
665 3203 791 3282 suilie:
831 3213 855 3282 sr
884 3209 969 3306 quid
998 3210 1057 3282 ille
1083 3203 1117 3280 se
1141 3227 1201 3280 ve·

216 3335 244 3376 “
261 3326 315 3421 lit,
348 3328 453 3416 illum
478 3328 525 3402 ad
549 3323 584 3399 se
610 3324 730 3398 venire
754 3314 922 3426 oportere.
971 3331 1141 3404 Praeterea
1168 3329 1202 3404 se

216 3457 244 3494 “
260 3473 377 3551 neque
398 3453 467 3526 fine
483 3445 641 3525 exercitu
664 3444 777 3522 ineas
799 3467 912 3548 partes
935 3448 1060 3526 Galliae
1082 3450 1201 3526 venire
1330 3487 1334 3498 ·

215 3567 244 3618 “
262 3573 405 3663 audere,
430 3594 518 3671 quas
527 3571 644 3648 Caesar
659 3574 856 3673 poffideret,
881 3595 996 3672 neque
1011 3573 1202 3648 exercitum

215 3700 244 3738 “
262 3695 331 3769 stne
358 3719 491 3794 magno
519 3715 732 3786 commeatu,
766 3713 872 3792 atque
906 3693 1134 3768 emolimento
1162 3691 1203 3772 in
