2814 4754
372 403 422 459 ns
440 381 572 458 Brrso
589 379 779 456 Gnrrrco
805 323 898 458 er·
914 376 994 457 Vll.
1040 385 1045 394 '
1093 405 1162 486 223

170 569 271 630 tatus
300 553 543 655 peditatusque
573 553 722 630 subsidio
750 551 963 651 Biturigibus
995 548 1163 628 mittunt:

167 674 237 772 qui
258 699 372 772 quum
389 678 437 750 ad
458 679 593 752 flumen
609 673 769 776 Ligerim
789 671 974 763 ieniffent,
992 671 1091 772 quod
1106 671 1165 746 Bi·

165 793 307 895 turiges
329 798 375 871 ab
391 795 517 872 AEduis
530 793 677 882 dividit3
704 820 834 894 paucos
859 792 935 868 dies
952 792 1002 868 ibi
1026 795 1165 884 morati,

165 939 294 1015 neque
320 919 452 992 flumen
478 919 619 992 trunfire
646 919 730 1006 ausi,
753 916 902 1010 domum
923 932 1163 990 revertunturz
1251 976 1255 982 .

165 1036 365 1138 legatisque
392 1037 516 1113 nostris
543 1033 763 1143 renunciant,
789 1033 822 1110 se
846 1035 1042 1134 Biturigum
1061 1031 1167 1134 perfi-

164 1157 272 1232 diam
300 1158 429 1236 veritos
462 1156 662 1232 revertilse:
692 1154 821 1253 quibus
848 1154 885 1229 id
913 1153 1043 1230 consilii
1067 1153 1167 1232 fuiffe

166 1277 424 1376 cognoverint,
457 1297 511 1368 ut,
550 1280 573 1350 fi
606 1279 740 1350 flumen
773 1277 978 1364 tranlillent,
1019 1299 1089 1352 una
1120 1302 1167 1354 ex

168 1401 281 1495 parte
301 1397 379 1496 ipfi,
404 1399 508 1472 altera
536 1395 690 1473 Arverni
709 1393 743 1470 se
758 1393 1055 1472 circumfisterent.
1104 1396 1163 1490 Id,

168 1541 266 1597 eane
280 1519 326 1592 de
354 1519 481 1608 cautla,
509 1543 617 1616 quam
646 1516 768 1618 legatis
797 1515 1087 1615 pronunciatum,
1120 1539 1167 1592 an

167 1639 325 1738 perfidia
345 1637 504 1730 adducti,
531 1636 688 1729 fecerint,
719 1637 819 1736 quod
842 1637 932 1714 nihil
956 1637 1058 1714 nobis
1080 1663 1165 1714 con·

168 1759 253 1853 stat,
271 1786 343 1835 non
359 1759 499 1834 videtur
516 1785 581 1856 pro
603 1779 700 1834 certo
719 1761 787 1836 elle
800 1759 1018 1857 ponendum.
1068 1759 1165 1836 Bitu·

169 1879 267 1980 riges
282 1905 407 1956 eorum
423 1879 568 1958 disceffu
585 1879 701 1956 statim
723 1879 757 1954 se
781 1904 867 1955 cum
884 1879 1052 1956 Arvernis
1078 1905 1165 1958 con-

163 2000 341 2104 jungunt.

224 2126 288 2199 VI.
315 2124 386 2224 His
399 2124 550 2200 rebusin
567 2123 706 2200 ltaliam
716 2119 840 2198 Caeseri
852 2121 1037 2214 nunciatis,
1053 2147 1165 2223 quum
1254 2163 1255 2168 ,

165 2242 247 2344 jam
262 2243 323 2317 ille
338 2247 488 2320 urbanas
515 2269 568 2319 res
591 2245 720 2320 virtute
736 2243 804 2319 Cn.
820 2241 981 2344 Pompeji
1002 2265 1165 2320 commo-

171 2363 315 2440 diorem
330 2363 368 2439 in
386 2365 513 2441 statum
531 2365 724 2464 perveniffe
739 2365 967 2466 intellegeret,
992 2365 1031 2440 in
1047 2365 1163 2442 Tran-

173 2483 347 2585 salpinam
364 2487 516 2562 Galliam
533 2485 710 2586 profertus
731 2483 793 2562 est.
845 2489 902 2560 Eo
917 2511 1030 2586 quum
1050 2483 1164 2560 venis-

171 2605 237 2700 set,
266 2633 396 2709 magna
423 2607 630 2684 difficultate
657 2607 897 2699 adficiebatur,
933 2632 1004 2704 qua
1030 2605 1166 2686 ratione
1213 2639 1217 2646 ·
1253 2681 1258 2690 ,

173 2729 220 2804 ad
237 2723 435 2804 exercitum
456 2729 635 2828 pervenire
653 2731 773 2829 pollet.
822 2725 935 2822 Ntm,
960 2729 983 2800 fi
1008 2726 1165 2828 legiones

174 2847 215 2924 in
232 2847 452 2946 provinciam
463 2847 658 2940 arcefferet,
675 2851 709 2926 se
725 2851 863 2929 absente
879 2849 917 2925 in
929 2848 1053 2925 itinere
1069 2849 1163 2949 p'roe-

65 3059 73 3076 „
175 2966 226 3042 lio
241 2967 465 3046 dimicaturas
481 2966 717 3066 intellegebat.
766 2970 802 3042 Si
823 2969 893 3067 ipse
909 2970 956 3044 ad
972 2970 1165 3044 exercitum

142 3111 146 3138 ¹
175 3089 416 3178 contenderet,
445 3113 490 3163 ne
516 3088 556 3162 iis
573 3088 733 3186 quidem,
758 3087 820 3188 qui
849 3112 892 3164 eo
913 3108 1073 3186 tempore
1102 3111 1163 3186 pa-

177 3207 246 3282 cati
262 3205 475 3299 viderentur,
503 3206 605 3282 suam·
629 3205 772 3284 salutem
790 3210 883 3284 reete
909 3187 1086 3283 committi
1111 3205 1164 3282 vi·

172 3329 297 3403 debat.
392 3379 395 3384 -
446 3320 451 3326 ⁴

227 3449 310 3523 llll.
344 3447 502 3547 Interim·
516 3447 702 3525 Lucterius
730 3447 909 3524 Cadurcus
937 3447 975 3523 in
1004 3451 1165 3526 Rutenos

179 3567 296 3644 niffus
314 3593 391 3644 earn
409 3568 585 3655 civitatem
603 3568 773 3646 Arvernis
791 3569 965 3646 conciliat.
1002 3570 1164 3672 Progres-

179 3685 233 3764 sus
249 3688 286 3764 in
302 3689 536 3792 Nitiobriges,
559 3695 593 3768 δι
607 3692 776 3785 Gabalos,
802 3693 849 3766 ab
865 3689 1013 3802 utrisque
1028 3693 1164 3771 obfides
