2866 4754
379 373 431 426 or
454 351 586 428 Basso
608 347 797 428 Gnarrco
822 345 912 424 Lrs.
930 344 998 424 lv.
1107 375 1181 453 tr9

195 543 264 620 res,
293 521 424 626 suaque
451 527 573 603 omnia
595 526 640 631 in
668 527 767 601 filvas
797 519 1041 625 deponerent;
1076 543 1183 622 atque

193 669 331 738 omnes,
366 648 427 747 qui
453 671 549 723 arma
572 647 660 728 ferre
676 650 825 748 pollent,
856 671 967 722 unum
996 644 1035 719 in
1061 645 1185 734 locum

191 768 445 843 convenirent:
481 771 575 846 hunc
608 771 677 845 effe
709 770 885 844 delerrm
917 761 1077 842 medium
1111 765 1182 844 fere

192 888 379 988 regionum
396 915 529 981 earum,
555 914 641 989 quas
658 889 762 966 Suevi
779 889 1000 964 obtinerent:
1027 887 1085 962 hic
1102 890 1180 964 Ro·

192 1033 382 1084 manorum
398 1012 592 1085 adventum
615 1007 828 1107 exspectare,
858 1029 963 1109 atque
992 1007 1042 1084 ibi
1059 1009 1180 1083 decer‘·

190 1147 265 1204 tare
281 1129 506 1205 constituiffe.
555 1131 666 1226 Qod
676 1120 744 1204 ⁸ubi
761 1127 874 1203 Casas
890 1128 1077 1226 comperit,
1103 1153 1181 1202 om-

169 1229 298 1324 ‚nibtis
328 1251 383 1323 his
408 1251 509 1324 rebus
537 1245 718 1342 confectis,
746 1274 897 1348 quarum
922 1271 1040 1322 rerum
1069 1251 1182 1324 catilla

188 1368 416 1444 transducere
444 1369 634 1445 exercitum
668 1371 901 1461 constituerat,
934 1389 974 1443 ut
999 1367 1184 1443 Germanis

193 1487 332 1564 memm
360 1489 527 1588 injiceret,
563 1502 603 1565 u't
632 1491 835 1591 Sigambros
867 1489 1099 1580 ulcisceretur,
1143 1507 1183 1564 ut

192 1610 310 1686 Ubios
330 1612 515 1688 obidione
548 1613 721 1704 liberaret,
757 1613 883 1691 diebus
910 1611 1058 1687 o'mnino
1086 1635 1112 1684 x
1146 1613 1181 1686 bt

193 1753 256 1807 rrx
273 1752 367 1808 trans
389 1733 559 1808 Rhenum
581 1731 790 1820 consumtis3
816 1728 892 1808 satis
910 1737 944 1808 δι
962 1728 1008 1806 ad
1025 1733 1181 1823 laudem,

192 1857 228 1928 δι
255 1855 300 1926 ad
324 1853 511 1928 utilitatem
538 1851 733 1951 profectum
751 1853 952 1941 arbitratus,
977 1850 1012 1924 se
1034 1851 1071 1925 in
1095 1853 1181 1926 Gal·

190 1972 274 2074 liam
292 1973 436 2073 recepit,
469 1967 686 2074 pontemque
704 1971 853 2047 rescidit.
968 1997 971 2002 ·

241 2097 329 2170 XX.
356 2095 502 2193 Exigua
526 2113 622 2190 parte
646 2093 766 2168 astatis
791 2092 936 2191 reliqua,
965 2091 1094 2184 Caesar,
1124 2091 1184 2168 etst

191 2213 231 2288 in
249 2214 305 2287 his
330 2212 429 2304 locis,
459 2212 557 2311 quod
578 2213 693 2288 omnis
718 2213 833 2289 Gallia
849 2214 894 2287 ad
911 2211 1184 2313 Septemtriones
1249 2233 1254 2244 '

192 2334 322 2433 vergit,
351 2354 495 2408 maturae
512 2333 754 2425 suntthiemes,
781 2332 953 2409 tamenin
972 2333 1182 2410 Britanniam

192 2454 364 2554 proficisci
390 2446 584 2546 contendit,
614 2455 728 2555 quod,
750 2455 916 2530 omnibus
936 2452 1009 2530 fere
1036 2455 1182 2545 Gallicis

192 2575 320 2666 bellis,
335 2575 492 2652 hostibus
514 2575 639 2660 nostris
667 2575 750 2652 inde
772 2574 1030 2652 subministrata
1053 2575 1183 2650 auxilia

193 2694 438 2795 intellegebat:
465 2701 515 2788 ἃ,
540 2699 563 2772 fi
585 2715 726 2796 tempus
742 2697 881 2800 anniad
903 2699 1038 2773 bellum
1058 2723 1180 2798 geren-

192 2818 282 2892 dum
293 2805 477 2906 deficerem
498 2837 615 2892 tamen
633 2841 765 2916 magno
778 2818 839 2894 fibi
851 2816 932 2892 'usui
948 2818 1024 2894 fore
1038 2817 1183 2895 arbitra-

190 2931 308 3030 batur,
338 2941 361 3012 fi
384 2937 496 3014 modo
513 2921 659 3012 insulam
687 2938 821 3028 adiffet,
855 2963 967 3037 genus
992 2939 1182 3013 hominum

192 3057 427 3160 perspexiffet,
447 3060 539 3148 loca,
558 3079 692 3155 portus,
707 3057 820 3168 aditus
833 3055 1074 3156 cognoviffett
1101 3081 1180 3154 quae

193 3178 315 3254 omnia
331 3177 403 3254 fere
414 3176 526 3252 Gallis
542 3177 835 3276 erantincognita.
872 3177 1004 3274 Neque
1017 3177 1111 3251 enim
1129 3196 1180 3250 te·

83 3279 85 3288 Ι
193 3325 289 3376 mere
304 3311 430 3399 praete'r
445 3316 648 3372 mercatores
665 3297 727 3370 illo
743 3297 817 3372 adit
833 3293 1040 3396 quisquam:
1065 3323 1180 3398 neque

193 3420 234 3496 iis
250 3411 552 3522 ipsis-quidqtiam,
570 3439 696 3517 praeter
711 3427 810 3494 oram
830 3418 1055 3509 maritimam,
1073 3441 1179 3519 atque

190 3567 250 3616 eas
265 3540 438 3642 regiones,
467 3565 547 3639 quae
564 3538 642 3614 sunt
659 3545 780 3615 contra
802 3539 948 3632 Gallias,
977 3561 1102 3616 notum
1117 3543 1177 3616 est.

194 3663 329 3764 ltaque,
355 3661 509 3740 evocatis
531 3663 576 3738 ad
593 3661 626 3738 se
642 3661 801 3762 undique
826 3663 1088 3754 mercatoribus,
1117 3685 1177 3736 ne·

674 3782 772 3884 ln,¹
