2866 4754
375 393 425 444 oa
449 371 579 444 Banao
607 369 795 444 Gannico
819 313 974 444 Lra.⁵V.
1104 394 1168 470 153

201 540 259 639 gio
283 525 488 616 conlocavit.
538 541 608 618 His
629 544 687 617 M.
711 531 865 618 Crall'um
887 538 1108 641 quaestorem,
1139 545 1173 616 δι

197 661 242 735 L.
268 662 473 738 Munatium
488 663 672 754 Plancum,
690 667 723 740 bc
739 663 783 738 C.
800 645 1020 738 Trebonium
1037 662 1173 762 legator

196 777 362 878 prefecit.
389 875 391 880 ,
410 783 529 858 Unam
550 782 740 882 legionem,
769 809 876 882 quam
902 782 1060 882 proxime
1079 801 1173 856 trane

195 901 333 976 Padum
354 891 607 1002 conscripserat,
635 906 669 976 δι
694 905 850 978 cohortes
872 929 895 978 v
917 903 954 982 in
974 905 1171 991 Eburones,

106 1045 124 1082 ν
195 1045 350 1118 quorum
375 1049 452 1122 pars
476 1024 632 1098 maxima
654 1021 704 1096 cst
730 1022 818 1096 inter
846 997 986 1097 Mosim
1010 1047 1051 1096 ac
1073 1023 1171 1098 Rbe-

196 1166 297 1233 num,
326 1143 389 1239 qui
416 1143 479 1217 snb
514 1141 661 1238 imperio
692 1140 909 1240 Ambiorigis
935 1142 1169 1228 &Cativolci

193 1283 306 1352 erant,
326 1262 429 1335 misit.
464 1262 535 1336 His
551 1261 726 1336 militibus'
737 1264 789 1360 Q
800 1259 976 1336 Titurium
991 1255 1171 1352 Sabinum,

195 1385 231 1454 ἃ
271 1381 319 1454 L.
349 1379 625 1456 Aumnculeium
661 1382 816 1471 Cottam,
853 1382 999 1480 legatos,
1036 1381 1174 1478 ptaeeffe

189 1497 299 1598 juffit.
316 1563 319 1568 .
335 1502 411 1613 xAd
439 1501 533 1576 hunc
568 1501 715 1578 modum
741 1500 930 1576 distributis
961 1500 1173 1601 legionibus,

192 1618 361 1720 facillime
377 1621 502 1718 inopie
520 1618 752 1698 frumentariae
768 1620 835 1696 sese
852 1611 983 1697 mederi
1000 1624 1094 1722 poffc
1110 1647 1172 1696 ex·

194 1740 371 1842 istimavit.
409 1747 528 1840 Atque
540 1744 665 1818 harum
682 1763 800 1818 tamen
817 1743 976 1818 omnium
992 1742 1172 1842 legionum

198 1861 345 1936 hiberna
375 1864 517 1958 (prater
544 1869 636 1952 cani,
656 1887 764 1960 quam
787 1865 833 1938 L.
861 1863 992 1938 Roscio
1011 1863 1048 1936 in
1070 1889 1171 1960 paea·

195 1980 357 2056 tillimam
387 1985 421 2054 δι
450 1981 693 2079 quietiffimam
712 2002 858 2082 'partem
885 1979 1085 2058 ducendam
1112 1983 1173 2056 de·

194 2101 309 2196 derat)
328 2100 469 2176 milibus
486 2103 644 2198 paffuum
662 2128 684 2176 c
703 2103 978 2179 continebantur.
1018 2096 1104 2200 'lpse
1120 2100 1173 2175 in.-

194 2241 303 2309 terea‚
333 2220 629 2318 quoad'legioncs
654 2221 863 2312 conlocatas,
887 2220 1093 2320 munitaque
1123 2219 1175 2296 hi.

197 2338 556 2439 beinaeoguoviller,'
570 2340 606 2414 in
624 2341 739 2418 Gallia
753 2341 879 2416 morati
895 2341 1084 2418 constituit.

243 2463 371 2540 XXV.
399 2463 482 2536 Erat
508 2459 547 2538 in
570 2460 779 2538 Carnutibus
808 2461 945 2538 summo
972 2463 1052 2538 loco
1075 2483 1174 2538 natus

143 2647 147 2655 ,
189 2581 230 2654 T
230 2578 397 2680 asgetius3
424 2579 522 2680 cujus
550 2581 696 2680 majores
718 2583 754 2657 in
776 2583 834 2658 sua
865 2581 1001 2657 civitate
1026 2603 1174 2682 regnum

195 2700 427 2780 obtinuerant.
480 2703 578 2778 Huic
594 2703 719 2794 Caesar,
738 2729 803 2802 pro
819 2700 893 2802 ejus
911 2701 1050 2797 virtute,
1069 2709 1173 2803 atque

194 2820 283 2896 inse
306 2821 553 2912 benivolentia,
578 2825 673 2920 quod
696 2823 733 2898 in
749 2824 915 2926 omnibus
936 2825 1036 2900 bellis
1058 2828 1173 2924 fingu-

194 2942 254 3020 lari
270 2941 341 3042 ejus
358 2967 463 3040 opera
479 2941 588 3021 fuerat
605 2941 696 3033 usus,
714 2941 891 3041 majorum·
905 2945 1022 3024 locum
1041 2945 1172 3018 restitu-

193 3083 277 3139 erat.
324 3062 487 3136 Tertiurn
511 3059 586 3159 jam
609 3063 705 3139 huno
732 3087 865 3140 annum
891 3082 1096 3162 regnantem
1123 3058 1174 3134 in-

193 3180 304 3273 imici,
328 3179 403 3279 jam
431 3179 548 3254 multis
577 3182 693 3276 palam
720 3188 764 3256 e'x
794 3181 934 3258 civitate
961 3179 1173 3270 annotinus,

194 3329 277 3378 eum
294 3299 549 3376 interfecerunt.
598 3295 763 3374 Defertur
785 3321 826 3374 ea
853 3325 906 3374 res
925 3302 970 3374 ad
992 3299 1173 3398 Caesarem.

193 3425 271 3513 llle,
290 3420 433 3510 veritus‘,
452 3421 609 3519 quodad
626 3419 741 3517 plures
758 3419 973 3520 spertinebat,
990 3419 1173 3516 nescivitas

195 3567 315 3618 eorum
331 3539 467 3640 inpulsu
482 3543 658 3633 deficeret,
676 3543 722 3616 L.
740 3542 910 3632 Plancum
931 3567 1013 3618 oum
1036 3539 1173 3640 legione

195 3688 241 3740 ex
267 3661 387 3764 Belgio
419 3649 574 3739 celeriter
604 3660 641 3736 in
669 3662 838 3736 Carnutes
856 3661 1034 3762 ,proficisci
1055 3660 1172 3762 jobet,
1208 3656 1213 3663 ’
