2866 4754
399 323 457 454 nn¹
474 377 603 452 hunno
628 375 817 454 Ghnnrco
840 375 933 452 Lra.
950 374 1013 448 lv.
1128 389 1193 470 rep

219 541 251 590 ‘'‘
270 570 336 645 que
351 567 472 624 eorum
489 547 645 622 moribus
667 546 799 645 turpius
816 544 1025 645 quidquam,
1052 561 1115 620 aut
1139 544 1195 618 in·

219 673 250 712 “
266 668 546 758 ettiushsbetur,
568 693 675 766 qusm
692 666 865 765 ephippiis
888 666 952 742 uti.
1000 664 1125 766 ltaque
1148 665 1195 742 ad

216 794 246 831 “
265 788 427 887 quemvis
473 813 657 874 numerum
696 786 978 886 ephippiatorum
1017 786 1195 886 equitum,

215 913 245 951 “
264 908 426 1042 quamvis
454 908 589 1006 pauci„
613 907 709 984 adire
738 909 878 982 sudent.
927 905 1058 984 Vinum
1085 906 1130 982 ed
1160 905 1195 982 se

217 1028 412 1104 “omnino
438 1029 606 1128 inportari
633 1054 704 1102 non
733 1031 861 1118 sinunt,
895 1028 992 1126 quod
1018 1051 1058 1102 cn
1085 1028 1194 1104 read

217 1156 247 1194 ‘⁴
273 1151 431 1226 laborem
448 1131 632 1224 ferendum
648 1117 881 1224 remollescere
896 1147 1071 1238 homines,
1092 1163 1197 1296 atque

216 1275 246 1312 “
265 1267 458 1344 effeminari
473 1269 692 1342 arbitrantur.

267 1391 333 1463 Ill.
360 1389 550 1464 “Publice
578 1388 770 1466 maximam
795 1407 918 1487 putant
950 1389 1016 1464 else
1041 1387 1197 1479 laudem,
1224 1419 1228 1430 ·

217 1515 248 1553 “
266 1530 372 1607 quam
389 1509 545 1590 latiffime
566 1509 669 1584 asuis
685 1509 812 1586 linibus
831 1533 953 1584 vscare
975 1531 1104 1608 agroue
1130 1509 1198 1602 hac

216 1636 247 1675 “
265 1653 302 1702 re
337 1629 531 1729 significari,
572 1652 744 1728 magnum
781 1655 968 1706 numerum
1000 1627 1211 1716 civitatium,

217 1758 247 1796 “
264 1749 359 1825 susm
385 1751 460 1824 vim
477 1750 638 1824 sustinere
655 1777 727 1828 non
753 1753 858 1848 poste.
907 1753 1030 1850 ltaque
1055 1775 1126 1828 uns
1150 1775 1196 1830 ex

217 1878 361 1968 “parte
387 1897 408 1944 a
430 1870 551 1944 Suevis
576 1869 710 1944 circiter
738 1867 834 1942 milia
862 1871 1019 1965 passuum
1048 1891 1099 1944 nc
1124 1869 1199 1967 agri

218 1997 248 2035 “
265 2015 383 2066 vacare
399 1990 575 2066 dicuntur.
616 1990 678 2062 Ad
694 1991 836 2089 alteram
855 2007 991 2085 partem
1013 1986 1199 2096 succedunt

215 2116 246 2154 “
263 2109 368 2198 Ubii,
398 2135 550 2206 quorum
574 2107 641 2181 fuit
657 2107 778 2182 civitas
799 2109 916 2205 ampla
932 2127 1039 2206 atque
1058 2109 1199 2197 florens,

214 2237 245 2274 “
263 2249 304 2302 ut
328 2227 382 2300 est
413 2246 534 2325 captus
561 2229 832 2317 Gennanorum,
866 2231 899 2302 δι
928 2227 1059 2325 paullo,
1094 2252 1199 2327 quam

214 2351 248 2392 “
264 2345 343 2442 sunt
370 2342 522 2444 ejusdem
551 2345 697 2446 generis,
736 2353 771 2424 δε
803 2347 923 2424 ceteris
951 2345 1196 2437 humaniores;

214 2475 246 2516 “
265 2486 448 2566 propterea
460 2469 556 2567 quod
573 2469 742 2542 Rhenum
758 2445 958 2568 adtinghnt,
976 2471 1199 2568 multumque

214 2587 308 2664 “ad
326 2613 391 2663 eos
401 2607 609 2664 mercatores
620 2591 804 2681 ventitant,
823 2593 857 2664 ὅτ
875 2589 936 2687 ipfi
954 2609 1099 2688 propter
1115 2614 1197 2686 pro·

216 2715 247 2755 “
265 2707 497 2808 pinquitarem
522 2708 665 2788 Gallicis
693 2707 770 2786 sunt
795 2708 955 2786 moribus
977 2705 1199 2788 adsuefacti?

216 2831 298 2906 Hos
310 2855 422 2929 quum
434 2829 552 2920 Suevi,
569 2828 690 2904 multis
703 2828 794 2926 saepe
807 2827 907 2906 bellis
922 2831 1071 2928 experti,
1087 2855 1197 2929 prop-

215 2970 268 3024 ter
283 2949 562 3048 amplitudinem
585 2947 861 3050 gravitatemque
885 2948 1048 3040 civitatis,
1071 2950 1199 3026 linibus

216 3069 472 3166 expellerenon
484 3069 683 3166 potuissent,
701 3087 819 3146 tamen
835 3063 1022 3167 vectigales
1034 3068 1097 3144 fibi
1107 3067 1199 3146 fece

216 3207 312 3281 runt,
351 3213 393 3266 ac
421 3189 535 3264 multo
565 3186 768 3264 humiliores
794 3185 1069 3288 infirmioresque
1102 3189 1200 3264 rede·

218 3327 354 3410 gerunt.

266 3431 330 3504 IV.
355 3429 399 3504 In
411 3428 533 3513 eadem
545 3426 658 3502 caulis
669 3423 805 3502 fuerunt
817 3425 990 3525 Usrpetes,
1010 3427 1198 3505 &Tenche

214 3549 321 3641 theri,
347 3575 437 3648 quos
462 3545 748 3645 supradiximus,
773 3546 834 3646 qui
864 3547 1063 3646 complures
1090 3573 1199 3626 annos
1246 3622 1249 3628 .

217 3671 413 3762 suevorum
431 3667 509 3748 vim
525 3665 779 3746 sustinuerunt:
806 3667 851 3744 ad
870 3685 1066 3781 extremum
1081 3690 1199 3750 tamen
