2866 4754
355 393 405 444 ou
427 371 557 446 Bruto
582 367 769 444 Gmerco
794 365 887 442 Lro.
904 369 950 442 V.
1097 393 1161 467 151

184 539 265 634 tati,
289 538 446 618 'militum
471 541 671 618 nostrorum
697 541 856 641 inpetum
885 567 956 616 non
985 541 1165 628 tulerunt;

183 657 322 761 seseque
348 662 417 738 alia
440 687 487 738 ex
515 675 610 761 parte
634 660 757 762 oppidi
777 659 960 762 ejecerunt.
1009 661 1169 762 Mugnus

182 779 233 858 ibi
260 807 426 860 numerus
453 783 585 882 pecoris
607 802 790 882 repertus3
815 782 990 881 multique
1016 781 1052 856 io
1080 781 1167 882 fuge

179 899 262 978 lunt
277 905 527 1003 comprehensi,
551 923 658 1003 atque
674 902 851 980 interfecti.

175 1039 178 1046 ’
223 1025 346 1102 XXII.
371 1025 471 1100 Dum
487 1026 562 1102 hoec
578 1025 615 1098 in
632 1023 684 1098 his
697 1022 782 1098 locis
798 1042 976 1122 geruntur,
999 1025 1162 1100 Calfivel-

182 1144 308 1226 umus
329 1145 377 1220 ad
396 1145 578 1235 Cantium,
605 1143 702 1241 quod
717 1143 786 1216 else
808 1143 854 1216 ad
867 1165 965 1218 mare
983 1141 1084 1242 supra
1104 1145 1165 1218 de

182 1264 471 1355 monstrauimus,
497 1263 628 1362 quibus
654 1262 853 1362 regionibus
881 1285 923 1336 tv
953 1286 1053 1361 reges
1080 1289 1165 1362 prae·

181 1405 300 1478 erent,
317 1381 539 1484 Cingetorix,
560 1382 744 1476 Carvilius,
767 1385 803 1458 T
803 1382 1040 1481 eximagulus,
1060 1383 1167 1483 sego-

183 1521 273 1600 neX,
289 1503 436 1582 nuncios
451 1504 576 1580 mittit:
603 1525 708 1603 atque
731 1497 785 1580 his
806 1504 968 1604 imperat,
986 1503 1051 1595 uti,
1067 1529 1169 1580 coac·-

182 1615 233 1700 tis'
261 1625 426 1702 omnibus
450 1626 575 1726 copiis,
607 1626 717 1702 castra
746 1626 883 1702 navalia
913 1625 960 1700 de
991 1623 1168 1724 inproviso

181 1746 396 1840 adoriuntur,
419 1765 525 1846 atque
548 1749 777 1846 obpugnent:
815 1747 846 1821 li
870 1771 982 1846 quum
998 1748 1044 1822 ud
1059 1746 1168 1824 castra

182 1866 364 1958 veuiffent,
382 1866 505 1958 nostri,
520 1866 701 1964 eruptione
716 1866 819 1957 facta,
833 1865 956 1942 ‘multis
971 1885 1094 1941 eorum
1113 1865 1166 1940 in·

141 2033 143 2038 ·
183 1983 348 2079 terfeclis,
365 1999 473 2086 capto
486 1987 593 2072 etiam
607 1985 717 2062 nobili
732 1986 824 2062 duce
838 1983 1073 2083 Lugotorige,
1089 1983 1170 2060 suos

182 2105 377 2184 incolumes
404 2109 627 2184 reduxerunt.
676 2105 958 2196 Caffivellaunus,
981 2105 1051 2180 boc
1075 2129 1169 2202 pror-

182 2227 234 2304 lio
250 2226 437 2333 nunciato,
447 2241 504 2304 'tot
518 2225 733 2302 detrimentis
752 2224 917 2326 acceptis,
935 2222 1073 2300 vastatis
1090 2223 1170 2298 fini-

182 2349 266 2438 bus,
283 2345 437 2424 maxime
448 2346 551 2422 etiam
561 2344 947 2446 'permomedefedlione
959 2344 1168 2436 civitatium,

183 2470 317 2568 legatos
333 2493 395 2566 per
418 2466 850 2547 AtrebatemCommium
865 2469 911 2544 de
927 2465 1106 2546 deditione
1121 2466 1169 2549 sd

184 2586 355 2666 cesarem
380 2587 498 2664 mittit.
547 2587 673 2681 Caeset,
692 2615 805 2690 quum
827 2588 991 2666 statuiffet
1016 2587 1170 2662 hiemem

183 2709 221 2790 in
259 2707 450 2788 continenti
483 2731 624 2810 propter
662 2710 860 2811 repentinos
896 2706 1022 2786 Gallie
1050 2717 1171 2786 motus

184 2855 301 2932 egere,
322 2856 437 2931 neque
464 2833 618 2908 multum
634 2831 758 2909 aestatis
778 2827 975 2931 superesset,
997 2836 1102 2929 etq'ue
1130 2828 1170 2904 id

185 2950 286 3030 facite
298 2951 432 3027 extrahi
462 2953 558 3050 posse
583 2951 811 3050 intellegeret,
833 2952 968 3026 obfides
993 2951 1168 3047 imperem

187 3077 238 3167 dr,
258 3071 346 3171 quid
369 3071 406 3147 iu
426 3088 535 3148 annos
561 3072 714 3170 fingulos
737 3069 917 3169 vedrigrdis
935 3069 1069 3168 populo
1092 3071 1170 3142 Ru-

186 3217 295 3272 mano
324 3181 500 3266 Britannis
531 3191 713 3288 penderet,
744 3189 931 3266 constituit.
989 3183 1171 3266 Interdicit

186 3332 294 3414 atque
308 3313 458 3410 imperat
473 3310 740 3402 CaffivellaunO,
757 3333 803 3386 ne
818 3307 1085 3401 Mandubrutio,
1104 3330 1172 3382 neu

186 3432 462 3510 Trinobantibus
478 3432 611 3508 bellum
627 3427 747 3506 sociat:
818 3473 819 3476 π
1053 3435 1055 3440 ’
1119 3451 1123 3458 ’

236 3555 385 3632 ΧΧΠΙ.’
403 3553 593 3630 Obfidibus
620 3548 785 3651 acceptis,
815 3547 1009 3628 exereitum
1035 3548 1170 3626 reducit

190 3671 236 3754 ud
267 3681 378 3771 mete,
404 3699 509 3754 nares
533 3673 671 3752 invenlt
690 3669 845 3750 'resedam
895 3670 966 3748 His
987 3670 1170 3761 'd‘edudlis‚

546 3825 548 3834 Α
639 3796 675 3870 L
698 3821 724 3886 4
803 3813 818 3854 s
