2932 4750
249 421 297 492 4²
458 395 460 400 ’
516 392 559 470 C
582 395 720 493 Junrr
741 397 984 474 Caranus.-

225 643 227 660 ,
252 572 281 612 “
298 566 469 643 Tranfiffe
484 571 654 660 erenurn
669 569 737 648 sese
752 596 827 648 uon
846 571 912 648 sua.
927 554 1064 671 sponte,
1089 570 1153 648 sod
1173 597 1230 650 ro

250 693 280 757 ‘r‘
298 706 434 786 gutum,
460 693 495 764 dr
512 693 706 770 arceffitum
729 717 751 768 a
767 692 902 782 Gallim
927 719 999 768 non
1016 695 1085 768 sine
1101 717 1232 793 magna

250 813 279 874 ‘f
296 805 367 907 spe,
396 810 600 910 magnisque
615 815 765 912 praemiis
781 816 930 893 domum
947 811 1231 915 propinquosque
1252 833 1254 838 ’

249 936 278 974 “
295 927 490 1028 rdiquiffe:
517 930 612 1008 seder
632 936 761 1010 habere
777 936 814 1010 in
837 935 965 1028 Gallia,
987 938 1034 1012 ub
1050 937 1128 1034 ipss
1143 959 1230 1010 cou-

249 1051 427 1139 ‘tecum
454 1054 603 1146 obfides,
633 1053 786 1153 ipsorum
812 1058 993 1131 uoluntate
1015 1056 1116 1132 dator
1128 1085 1142 1144 ς
1169 1056 1229 1130 sti·

247 1171 466 1270 “pendium
484 1199 607 1274 capere
625 1173 704 1274 jure
727 1177 822 1268 belli,
847 1179 947 1276 quod
962 1175 1111 1254 virtores
1131 1176 1230 1252 vittis

158 1354 161 1365 .
251 1298 279 1340 ‘⁶
296 1291 466 1391 inponere
479 1293 699 1384 consuerint;
726 1323 799 1371 non
815 1296 882 1372 sese
894 1297 1020 1389 Gallis,
1036 1294 1095 1370 sed
1110 1297 1231 1372 Gallos

249 1418 278 1458 ‘⁶
295 1413 357 1489 fibi
373 1416 505 1490 bellum
524 1415 698 1492 intulisse:
728 1442 851 1492 omnes
867 1416 992 1492 Galliae
1015 1416 1170 1492 civitates
1186 1401 1232 1494 ud

245 1543 277 1598 -.“
293 1534 328 1614 se
352 1537 632 1636 obpugnandum
657 1536 787 1611 venisse
811 1566 824 1624 ;
852 1563 893 1611 ac
922 1556 1044 1612 contra
1066 1537 1101 1610 se
1124 1537 1232 1614 castra

248 1664 278 1704 ‘⁶
295 1657 473 1732 habuisse:
509 1683 565 1730 eas
592 1681 714 1732 omnes
744 1657 864 1755 copias
895 1681 917 1730 a
944 1655 978 1730 se
1006 1681 1078 1730 uno
1106 1656 1231 1754 proelio

247 1782 279 1842 ‘⁶
294 1773 383 1908 fusas
409 1801 450 1850 ac
467 1757 640 1874 superatas
667 1779 745 1852 elle.
793 1777 828 1851 Si
852 1777 981 1852 iterum
999 1776 1147 1876 experiri
1168 1793 1230 1851 ve·

248 1902 275 1946 ‘⁶
293 1895 372 1986 lint,
400 1897 525 1972 iterum
544 1920 703 1996 paratum
719 1898 787 1972 sese
803 1898 1002 1992 decertare3
1033 1901 1056 1972 sr
1079 1921 1164 1994 pace
1180 1896 1230 1971 uti

245 2023 275 2082 .⁶‘
293 2016 415 2108 velint,
433 2017 596 2118 inmuum
611 2018 679 2094 esse
694 2020 739 2094 de
755 2019 930 2118 stipendio
940 2018 1107 2110 recusare,
1131 2019 1229 2117 quod

245 2145 276 2188 ⁶⁶
293 2136 353 2212 sun
369 2140 550 2216 voluntate
565 2139 612 2214 ad
629 2140 666 2214 id
688 2159 828 2238 tempus
844 2139 1084 2239 pependerint.
1126 2138 1229 2214 Ami-

247 2251 408 2333 “citiam
432 2261 555 2357 populi
571 2262 726 2364 Romani
755 2261 816 2336 fibi
832 2279 1053 2351 ornamento,
1071 2263 1112 2333 δε
1138 2283 1229 2357 prae·

245 2385 274 2422 ‘⁶
293 2377 393 2468 fidio,
416 2400 489 2452 non
517 2379 741 2470 detrimento,
765 2381 834 2452 esse
854 2401 1039 2476 oportere:
1067 2377 1176 2476 idque
1196 2377 1230 2454 se

245 2503 276 2544 ‘⁶
292 2495 409 2596 caspe
427 2497 557 2597 petisse.
607 2498 727 2596 siper
751 2499 924 2596 populum
942 2501 1147 2572 Romanum
1169 2499 1229 2572 sti·
1284 2589 1286 2596 y

237 2626 274 2691 ..⁶⁶
292 2599 462 2716 pendium
490 2617 698 2710 remittatur,
730 2622 765 2692 dc
793 2617 941 2693 dedititii
973 2617 1228 2710 subtrahuntur,

247 2746 364 2814 “-non
383 2739 501 2814 minus
516 2738 664 2814 libenter
680 2737 747 2813 sese
764 2737 998 2814 recusaturum
1010 2738 1134 2836 populi
1151 2743 1228 2814 Ro·

139 2907 147 2922 ν
242 2866 275 2910 “
293 2859 388 2936 mani
402 2859 605 2950 amicitiam,
631 2885 739 2959 quarn
761 2859 957 2958 adpetierir.
1007 2859 1116 2959 Qud
1136 2860 1228 2937 mul·

242 2978 481 3056 “titudinem
497 2983 756 3056 Germanorum
778 2979 814 3054 in
834 2980 989 3055 Galliam
1017 2977 1228 3073 transducat,

241 3101 275 3162 ‘⁶
292 3103 329 3178 id
355 3101 389 3178 se
413 3101 464 3178 sui
489 3099 685 3195 muniendi,
725 3125 796 3178 non
824 3098 948 3176 Gallie
976 3099 1229 3200 inpugnandte,

245 3231 277 3271 ‘⁶
294 3227 410 3300 caussa
426 3222 561 3310 sacere;
586 3221 658 3322 ejus
688 3206 994 3299 reitestimonium
1010 3219 1091 3314 else,
1117 3224 1229 3322 quod,

243 3353 275 3390 '⁶‘
294 3345 354 3421 nifi
370 3366 528 3446 rogatus,
553 3369 625 3420 non
645 3343 791 3436 venerit,
821 3323 972 3443 &quod
999 3343 1130 3420 bellum
1158 3367 1228 3427 non

246 3473 275 3510 ‘⁶
294 3465 460 3558 intulerit,
483 3465 542 3542 sed
567 3463 773 3539 defenderit·
823 3465 867 3538 Se
892 3463 988 3561 prius
1014 3464 1050 3538 in
1076 3461 1227 3544 Galliam

244 3593 276 3630 “
293 3587 438 3678 venisse,
462 3611 568 3686 quam
586 3585 758 3684 populum
776 3587 1006 3672 Romanum
1030 3608 1227 3682 numquam

248 3715 277 3755 ‘⁸
294 3725 374 3782 onte
402 3709 470 3794 hoe
507 3728 649 3804 tempus
686 3703 880 3780 exereitum
914 3703 1038 3808 populi
1071 3703 1229 3790 Romani
