2850 4752
359 423 411 478 ors
436 401 569 478 Briso
592 373 782 477 Gnssreo
807 373 900 476 [ss.
918 397 1000 474 VII.
1100 399 1171 497 289

177 571 209 612 ‘¹
226 587 339 644 morte
354 570 413 648 sua
434 574 609 649 Romanis
624 572 827 665 satisfacere,
845 570 902 646 seu
923 573 1045 648 vivum
1062 563 1171 643 trans-

178 695 208 732 “
224 690 307 764 dere
323 691 470 767 velint.”
526 675 730 768 ‘Mittuntur
745 695 792 767 de
808 692 862 766 his
879 695 982 768 rebus
996 689 1042 764 ad
1059 688 1172 764 Caesa·

175 832 251 882 rem
280 812 400 909 legati.
450 815 559 910 Jubet
587 839 686 888 arma
714 811 854 902 transdi,
884 812 1062 910 principes
1087 833 1170 910 pro·

173 929 270 1003 duci.
319 931 397 1029 lpse
421 933 457 1007 in
479 927 677 1008 munitione
692 957 755 1029 pro
781 931 897 1006 castris
920 929 1097 1006 consedit:
1126 953 1170 1006 eo

173 1047 282 1138 duces
298 1053 552 1149 producuntur.
602 1053 869 1150 Vercingetorix
897 1053 1053 1142 deditur,
1073 1075 1171 1126 arma

173 1169 415 1267 projiciuntur.
474 1171 672 1246 Reservatis
693 1172 836 1261 AEduis‚
862 1189 968 1270 atque
985 1172 1169 1263 Arvernis,

174 1289 281 1385 fiper
310 1316 368 1364 eos
396 1290 550 1365 civitates
580 1315 780 1388 recuperare
804 1293 929 1389 pollet,
957 1315 1003 1363 ex
1029 1289 1172 1388 reliquis

174 1408 327 1506 captivis
351 1430 427 1483 toto
452 1410 608 1486 exercitu
632 1411 748 1511 capita
772 1412 918 1510 fingula,
952 1411 1081 1510 praedae
1105 1435 1170 1486 no·

139 1543 140 1548 ’
173 1529 284 1619 mine,
310 1528 496 1604 distribuit.
681 1531 684 1536 ’

220 1649 300 1724 XC.
327 1647 399 1724 His
428 1653 531 1725 rebus
558 1651 739 1742 confectis,
760 1651 796 1725 in
814 1647 951 1726 AEduos
978 1649 1166 1750 proficisci·
1203 1633 1215 1652 ⁸

113 1765 118 1774 ’
173 1787 258 1855 turs
282 1762 463 1844 civitatem
494 1771 629 1869 recipit.
701 1773 758 1844 Eo
790 1773 894 1868 legati
923 1775 968 1846 ab
1000 1772 1169 1846 Arvernis

171 1887 277 1978 milli,
296 1912 382 1986 quae·
393 1887 596 1985 imperaret,
614 1887 648 1961 se
664 1887 816 1963 facturos
835 1891 1054 1987 pollicentur.
1095 1892 1170 1964 Irn-

172 2027 272 2106 pcrat
292 2027 465 2106 magnum
490 2032 679 2082 numerum
707 2008 881 2082 obfidum.
931 2009 1109 2106 Legiones
1133 2008 1171 2081 in

165 2128 319 2202 ¹hiberna
334 2127 453 2217 mittit,
468 2127 693 2225 captivorum
709 2115 847 2202 circiter
864 2153 914 2202 xx
931 2123 1029 2203 milia
1045 2125 1171 2202 AEduis

146 2328 153 2344 κ
173 2244 413 2344 Arvernisque
431 2247 555 2321 reddita
620 2247 667 2321 T.
685 2247 888 2324 Labienum
907 2276 940 2323 11
961 2273 1043 2323 cum
1061 2247 1171 2348 legio·

172 2366 278 2440 nibus
313 2371 347 2440 ὅτ
381 2366 539 2466 equitatu
573 2367 610 2441 in
651 2369 830 2466 Sequanos
859 2367 1027 2467 proficisci
1054 2367 1169 2473 jubet.

172 2485 273 2590 Huic
290 2487 347 2560 M.
360 2487 609 2586 Sempronium
627 2489 793 2563 Rutilum
810 2489 990 2564 adtribuit.
1040 2490 1084 2563 C.
1101 2491 1170 2563 Fa·

172 2605 287 2695 bium,
308 2611 342 2680 ὅτ
368 2609 414 2680 L.
440 2607 645 2683 Minucium
664 2610 815 2682 Bafilum
842 2633 924 2683 cum
950 2635 988 2682 11
1019 2608 1170 2709 legioni·

172 2727 237 2820 bus
260 2725 296 2799 in
315 2727 440 2803 Remis
457 2730 632 2820 conlocat,
655 2755 827 2828 nequam
852 2732 897 2803 ab
917 2729 1075 2805 finitimis
1092 2732 1170 2806 Bel·

171 2845 304 2922 lovacis
320 2849 556 2922 calamitatem
579 2850 785 2946 accipiant„
813 2852 856 2924 C.
875 2850 1066 2925 Antistium
1096 2855 1170 2926 Re-

173 2965 300 3066 ginum
313 2964 350 3036 in
374 2966 637 3056 Ambiuaretos,
659 2971 707 3041 T.
731 2969 891 3041 Sextium
920 2970 957 3040 in
985 2969 1171 3066 Bituriges,

174 3085 216 3156 C.
246 3082 435 3157 Caninium
466 3085 638 3160 Rebilum
669 3086 706 3157 in
729 3091 890 3160 Rutenos
917 3111 1001 3160 cum
1029 3087 1174 3185 singulis

171 3202 375 3302 legionibus
392 3202 511 3276 mittit.
563 3204 796 3303 QTullium
819 3201 1045 3298 Ciceronem,
1084 3209 1173 3281 &P.

171 3319 371 3419 Sulpicium
399 3313 579 3397 Cabilloni
613 3323 868 3400 &Matiscone
899 3326 937 3397 in
966 3325 1095 3401 AEduis
1126 3327 1177 3400 ad.

172 3441 326 3533 Ararim,
343 3441 390 3515 rei
413 3441 648 3518 frumentariae
662 3447 789 3536 caufla,
808 3448 981 3520 conlocat.
1025 3439 1101 3546 Ipse
1117 3448 1174 3522 Bi-

171 3565 290 3640 br'aCle
303 3563 457 3638 hiemare
469 3561 658 3640 constituit.
685 3567 755 3641 His
768 3570 871 3641 rebus
891 3567 1011 3641 litteris
1034 3567 1177 3642 Caesaris

92 3759 93 3768 ,
172 3683 336 3782 cognitis,
363 3687 494 3762 Romae
512 3685 651 3762 dierum
668 3711 719 3782 xsr
731 3683 936 3786 subplicatio
948 3688 1148 3766 indicitur-⁵
