2932 4750
377 427 386 434 “
426 447 477 498 on
495 422 627 498 mun
645 421 833 500 Gnontco
859 423 950 500 Lrn.
967 421 996 498 1.
1159 451 1172 502 r
1179 449 1198 524 3

220 605 255 662 ut
270 589 402 665 flumen
418 597 611 686 transirent,¹
638 622 711 672 uno
728 596 829 670 iilum
857 595 915 672 die
939 594 1053 674 fecisse
1068 593 1201 670 intelle·

217 709 350 807 gerent,
378 713 511 813 legatos
527 716 572 789 ad
590 741 673 792 eum
699 716 861 790 mittunt:
892 713 989 815 cujus
1018 715 1202 816 legationis

216 831 344 906 Divico
367 831 526 931 princeps
542 831 624 923 fuit,
649 834 711 933 qui
728 837 821 908 bello
837 835 996 908 caffiano
1011 831 1087 909 dux
1106 835 1198 910 Hel·

215 945 389 1026 vetiomm
418 953 540 1028 fuerat.
589 957 623 1028 Is
649 955 698 1028 ita
725 980 807 1028 cum
835 953 970 1030 Caesate
992 953 1089 1054 agit:
1118 953 1198 1028 “Si

218 1077 245 1112 “
264 1095 387 1168 pacem
405 1077 554 1172 populus
571 1079 756 1149 Romanus
768 1101 851 1152 cum
863 1075 1038 1150 Helvetiis
1055 1072 1198 1168 faceret,

217 1197 243 1232 “
263 1191 299 1264 in
316 1217 395 1268 eam
413 1213 547 1291 partem
564 1195 683 1282 ituros,
706 1215 813 1293 atque
831 1194 878 1269 ibi
900 1195 1034 1270 futuros
1063 1197 1198 1272 Helve-

215 1319 242 1356 “
261 1311 343 1402 ties,
373 1315 435 1386 ubi
453 1339 512 1386 eos
529 1313 641 1388 Caesar
658 1312 897 1403 constituiffet,
922 1333 1029 1412 atque
1044 1315 1112 1388 effe
1133 1339 1198 1391 vo·

216 1440 244 1476 ‘¹
264 1431 399 1506 luisset:
431 1437 479 1506 fin
507 1436 600 1508 bello
628 1433 785 1535 persequi
813 1435 1066 1534 perseverarem
1096 1437 1198 1512 remi·

216 1558 243 1594 “
261 1549 446 1627 nisceretur
460 1558 494 1628 δι
511 1554 634 1628 veteris
651 1556 869 1632 incommodi
886 1555 1008 1655 populi
1025 1555 1198 1648 Romani,

214 1681 242 1720 “
263 1677 296 1747 ὅτ
315 1672 464 1772 pristine
481 1675 618 1754 virentis
643 1678 906 1766 Helvetiorum.
949 1676 1060 1775 Qrod
1077 1675 1197 1774 inpro-

216 1801 244 1836 “
264 1793 463 1868 viso-unum
484 1821 615 1896 pagum
640 1800 778 1872 adortus
805 1801 902 1888 effer,
933 1821 1043 1896 quum
1070 1796 1110 1887 ii,
1136 1795 1199 1894 qui

214 1922 244 1960 “
262 1917 395 1989 flumen
411 1920 616 2007 trenfifl'ent·‚
648 1917 714 1992 suis
731 1919 901 1992 auxilium
917 1913 1005 1990 ferte
1023 1943 1095 1990 non
1124 1917 1199 2016 pos·

214 2044 241 2124 ‘f
258 2035 356 2123 sent;
387 2063 445 2126 ne,
475 2039 626 2112 obeam
644 2063 733 2127 rem,
764 2057 824 2111 ant
852 2037 919 2112 sue
946 2061 1080 2134 magno
1095 2061 1199 2140 opere

212 2164 240 2200 “
259 2156 377 2229 virtuti
395 2157 575 2246 tribueret,
597 2177 656 2231 aut
681 2157 773 2254 ipsos
796 2157 992 2254 despiceret.
1026 2158 1088 2231 .Se
1107 2157 1155 2231 ita
1177 2185 1200 2234 a

213 2276 418 2373 “patribus
444 2273 702 2374 majoribusque
725 2276 792 2350 suis
816 2275 985 2364 didiciffe,
1020 2295 1059 2351 ut
1087 2278 1199 2378 magis

211 2401 240 2443 ‘⁶
260 2393 400 2485 virtute,
436 2421 543 2494 quam
569 2393 653 2470 dolo
687 2399 948 2488 contenderent,
980 2418 1041 2472 eut
1070 2397 1197 2474 inediis

212 2523 241 2560 “
259 2515 457 2590 niterentur.
491 2519 629 2616 Quare,
661 2543 706 2592 ne
722 2503 966 2608 committeret,
981 2538 1020 2590 ut
1038 2518 1066 2591 is
1083 2519 1194 2615 locus,

211 2643 240 2680 “
247 2637 333 2714 ubi
339 2631 580 2727 constiriffenr‚'
603 2663 649 2712 ex
667 2637 864 2713 calamitate
892 2637 1014 2736 populi
1040 2639 1197 2714 Romani

211 2763 239 2802 “
257 2758 552 2832 &internecione
585 2759 754 2834 exercitos
785 2785 917 2834 nomen
950 2779 1102 2858 caperet,
1135 2781 1197 2888 eut

213 2885 240 2920 “
259 2879 468 2952 memoriam
486 2879 683 2976 proderetss'

260 2999 360 3074 XIV
386 3000 458 3075 His
473 3002 618 3076 Caesar
609 3019 657 3074 tta
687 3000 889 3098 respondit.
918 3010 945 3046 “
967 3003 1023 3076 Eo
1041 3001 1101 3076 fibi
1129 3002 1195 3075 mi·

212 3127 240 3164 “
259 3146 322 3194 nus
339 3121 572 3196 dubitationis
588 3121 677 3211 dari,
703 3124 800 3219 quod
817 3147 873 3196 eas
897 3147 962 3213 res,
989 3147 1075 3219 quas
1092 3123 1196 3219 legati

212 3241 417 3318 “Helvetii
456 3242 793 3331 commemoraffent‚
835 3241 1004 3314 memoria
1037 3260 1166 3314 teneret
1182 3270 1195 3314 ε·

212 3369 240 3406 “
257 3381 364 3460 atque
385 3387 427 3437 eo
453 3360 595 3461 gravius
622 3359 722 3448 ferre,
750 3358 956 3457 quominus
981 3359 1105 3434 merito
1129 3387 1195 3460 po-

212 3491 240 3526 “
258 3483 330 3582 poli
349 3482 504 3561 Romani
523 3480 735 3556 accidiffent.
765 3479 839 3578 Qri
862 3483 884 3554 st
901 3478 1044 3579 alicujus
1061 3479 1196 3579 injurio

154 3673 158 3678 .
211 3605 319 3679 “fibi
344 3603 498 3679 conscius
513 3603 638 3693 fodiet,
662 3628 734 3676 non
763 3599 863 3676 fuisse
890 3600 1033 3676 difficile
1049 3627 1192 3679 cavere:
1258 3669 1260 3674 .

211 3731 238 3775 “
255 3723 314 3800 scd
330 3723 594 3822 eo'deceptum',
625 3725 722 3822 quod
748 3747 863 3821 neque
887 3723 1109 3806 commissum
1125 3749 1146 3806 a
1161 3723 1195 3810 se
