2850 4752
350 405 401 458 nn
425 383 558 458 Burro
576 381 774 467 Gannico,
792 381 886 456 ina.
903 381 1003 458 VIII.
1102 401 1172 482 30¹3

175 551 316 629 nostros
347 554 490 654 longius
514 507 780 631 submovebat
831 551 1028 628 Accidebat
1055 565 1176 625 autern

48 669 51 676 ’
157 657 399 770 ¹quotidianis
414 673 710 771 pabulationibus,
739 673 798 770 (id
809 673 908 771 quod
931 670 1179 754 aecidereerat

176 795 344 884 necere,
363 819 476 892 quum
497 793 580 867 raris
606 791 827 892 disjeeisque
854 811 902 868 ex
928 788 1086 866 edificiis
1114 813 1177 885 pa·

177 912 306 986 bulun'r
335 912 619 1012 conquireretur)
660 931 703 986 ut
728 911 891 1010 inpeditis
922 908 1009 984 locis
1036 905 1177 1006 dispersa

176 1031 401 1127 pabulatores
417 1031 774 1108 circumvenirenturr
811 1056 891 1129 quae
918 1054 969 1106 res
985 1031 1045 1103 etli
1063 1027 1178 1102 medi·

175 1173 262 1223 ocre
279 1148 531 1224 detrimentum
549 1148 812 1246 jumentorum,
825 1159 828 1168 '
841 1169 884 1222 ac
898 1148 1075 1228 servorum
1099 1143 1177 1225 nos·

174 1265 244 1342 tris
265 1265 457 1359 adferebat,
476 1285 602 1360 ,earnm
624 1268 744 1342 stultas
759 1263 991 1366 cogitationes
1011 1264 1178 1340 inritabat

175 1388 439 1464 barbarorum:
475 1406 581 1485 atque
609 1413 653 1462 eo
678 1385 811 1487 magis,
848 1385 948 1484 quod
976 1383 1178 1474 Commius,

71 1590 77 1598 ,
174 1531 291 1605 quern
319 1503 519 1603 profertum
548 1508 593 1581 ad
621 1507 752 1584 auxilia
782 1509 1042 1582 Germanorum
1067 1501 1178 1582 arces·

176 1622 284 1699 lenda
311 1625 431 1717 docui,
459 1651 544 1700 cum
569 1614 748 1724 equitibus
771 1645 937 1701 venerat:
967 1624 1028 1724 qui
1055 1625 1189 1700 tamen

177 1747 240 1820 etfi
266 1769 416 1820 numero
432 1769 505 1820 non
532 1747 683 1843 amplius
707 1765 803 1820 erant
822 1745 1031 1844 quingenti3
1055 1763 1178 1830 tamen

177 1865 446 1938 Germanorum
462 1865 617 1939 adventu
632 1863 773 1938 barbari
788 1865 1014 1940 inflabantur.

176 2003 182 2006 ·
232 1982 298 2056 ΧΙ.
323 1978 450 2069 Caesar,
480 2006 593 2079 quum
616 1981 776 2056 animum
804 1983 1012 2073 adverteret,
1032 1981 1178 2058 bostem

177 2101 380 2197 complures
390 2099 464 2173 dies
476 2099 607 2192 castris,
620 2102 749 2199 palude
762 2107 796 2178 δι
810 2101 1011 2176 loci-natura
1020 2100 1177 2194 munitis,

178 2211 215 2297 se
240 2239 383 2306 tenere;
426 2243 542 2315 neque
578 2220 778 2319 obpugnari
810 2222 920 2296 castra
946 2245 1072 2296 eorum
1106 2225 1177 2296 fine

176 2323 409 2416 dimicatione
429 2338 640 2435 perniciosa,
674 2366 740 2415 nec
769 2343 890 2422 locum
917 2342 1177 2431 munitionibus

177 2459 312 2548 claudi,
338 2457 400 2531 nlfi
429 2483 451 2530 a
477 2458 610 2558 majore
639 2460 795 2536 exercitu
827 2463 958 2559 potres
973 2460 1103 2538 litteras
1129 2465 1178 2538 ad

177 2576 406 2654 Trebonium
441 2577 564 2670 mittit,
598 2598 650 2670 ut,
693 2605 801 2678 quam
835 2581 1014 2658 celerrime
1047 2582 1175 2679 pollet,

180 2698 358 2797 legionem
375 2721 419 2772 xi
431 2723 489 2788 11,
503 2723 598 2801 *quae
621 2702 769 2774 cum'T.
787 2699 907 2774 Sextio
923 2701 1042 2800 legato
1066 2700 1105 2776 in
1120 2700 1178 2776 Bi·

108 2821 112 2829 '
178 2817 357 2915 turigibus
372 2817 566 2907 hiemabat,
589 2821 795 2908 arcefferet3
822 2839 927 2920 atque
939 2821 987 2895 ita
1003 2847 1086 2896 cum
1108 2845 1172 2896 111

179 2934 382 3032 legionibus
407 2935 548 3033 magnis
576 2936 760 3013 itineribus
785 2939 888 3012 adse
914 2940 1077 3019 venitet:
1105 2938 1177 3036 ipse

179 3054 317 3152 equites
341 3053 379 3126 in
394 3054 510 3127 vicem
542 3049 756 3148 Remorum,
787 3077 829 3130 ac
845 3057 1072 3156 Lingonum,
1098 3058 1178 3131 reli-

181 3196 405 3272 quarumque
417 3171 617 3264 civitatum,
635 3195 789 3270 quorum
802 3197 974 3274 magnum
986 3171 1179 3258 numerum

180 3311 404 3382 evocaverat,
441 3291 614 3390 praesrdio·
634 3293 917 3390 pabulationibus
951 3295 1072 3388 mittit,
1115 3295 1178 3394 qui

181 3410 312 3488 subitas
329 3410 484 3486 hostium
501 3410 711 3488 incurliones
727 3411 941 3491 sustinerent,
1041 3425 1043 3430 '
1140 3433 1143 3441 '

231 3533 314 3610 XII.
341 3533 453 3630 Qud
468 3557 594 3630 ‘quum
608 3530 774 3630 qnotidie
801 3534 913 3624 fieret,
938 3557 980 3608 ae
997 3533 1075 3633 jam
1090 3559 1200 3610 con··
1272 3575 1274 3582 ,

182 3649 362 3729 suetudine
378 3649 562 3752 diligentia
578 3651 811 3746 minueretur,
831 3655 950 3753 (quod
966 3656 1180 3755 plerumque
