2932 4750
235 403 279 500 76
372 357 379 366 -
473 398 930 495 &QJurucrusms
1003 419 1007 422 ·

233 568 261 634 ,“
280 559 441 659 timisque
468 561 729 660 imperaturum,
756 565 925 664 nequam
951 560 1112 640 dedititiis
1140 541 1205 660 po·

234 689 261 725 “
278 680 352 779 puli
370 682 701 782 Romaniinjuriam
717 685 918 764 inferrentssr
960 688 1024 759 *Re
1047 682 1207 759 nunciata
1222 719 1223 724 ¹
1270 670 1280 684 ’

113 808 115 812 ’
230 803 275 878 ad
290 800 381 894 suos,
409 829 486 900 quae
503 803 763 902 imperarentur,
789 804 900 880 Iacere
921 804 1098 881 dixerunt.
1137 807 1207 876 Ar-

231 947 372 1006 morum
401 918 530 1024 magns
555 926 779 1008 multitudiue
806 927 851 1002 de
878 949 981 1000 muro
1007 921 1042 1002 in
1068 920 1205 1010 fossam,

231 1067 312 1141 quae
329 1063 401 1122 erat
417 1062 497 1122 ante
513 1045 698 1142 oppidum,
718 1044 825 1145 jada,
844 1049 903 1136 lic,
931 1064 970 1118 ut
988 1068 1098 1142 prope
1113 1040 1205 1120 sum-

184 1169 186 1177 ’
229 1189 327 1244 mam
356 1164 452 1238 muri
476 1164 681 1266 aggerisque
709 1165 927 1242 altitudinem
955 1162 1066 1238 acervi
1093 1187 1207 1242 armo·-

219 1279 575 1382 'rumkadaequare'ntz
613 1291 655 1360 &·
674 1301 790 1366 tamen
814 1286 949 1367 circiter
974 1303 1068 1383 parte
1093 1281 1205 1371 tertia,

230 1423 270 1478 ut
288 1404 404 1502 postea
421 1403 635 1504 perspeetum
660 1405 723 1498 est,
746 1409 868 1497 celata,
899 1425 1005 1503 atque
1021 1404 1058 1480 in
1074 1402 1208 1502 oppido

230 1543 374 1614 retenta,
399 1523 503 1621 portis
519 1524 708 1620 patefactis,
735 1550 778 1600 eo
798 1524 856 1602 die
872 1549 956 1622 pace
970 1523 1049 1597 sunt
1073 1527 1134 1599 uss.

278 1647 451 1720 XXXIII.
476 1647 549 1718 Sub
576 1645 756 1743 vesperum
789 1641 903 1722 Caesar
926 1664 1041 1743 portas
1071 1641 1204 1733 claudi,

230 1763 422 1866 militesque
439 1790 484 1840 ex
500 1764 633 1864 oppido
658 1763 752 1838 exire
771 1762 879 1861 jussit,
907 1789 1076 1862 nequam
1098 1764 1206 1838 nosiu

229 1884 395 1986 oppidani
423 1888 468 1960 ab
494 1885 663 1961 militibus
691 1883 851 1983 injuriam
879 1884 1085 1983 acciperent.
1121 1882 1206 1972 Illi,

202 2041 205 2048 ·
229 2025 310 2084 ante
324 2004 427 2097 inito,
448 2026 488 2081 ut
504 2005 720 2082 intellestum
736 2005 799 2096 est,
825 2005 980 2097 confilio,
1005 2005 1115 2103 quod,
1142 2003 1205 2078 de-

202 2121 204 2124 ’
229 2125 361 2204 ditione
376 2125 478 2219 sada,
502 2127 632 2202 nostros
644 2127 796 2226 praesrdia
812 2127 1036 2216 deducturos,
1061 2145 1120 2201 aut
1144 2126 1206 2199 de-

228 2247 337 2346 nique
353 2247 588 2346 indiligentius
613 2249 803 2328 servaturos
825 2247 1057 2338 crediderant,
1083 2244 1206 2344 partim

229 2366 404 2454 cumbis,
437 2391 515 2464 quae
544 2368 753 2446 retinuerunt
782 2371 816 2442 δι
844 2367 1052 2455 celaverant,
1078 2365 1206 2456 armis3
1295 2409 1303 2420 -

231 2485 370 2583 partim,
394 2484 494 2560 scutis
515 2511 560 2564 ex
585 2485 713 2560 cortice
739 2485 849 2573 fastis,
872 2503 932 2558 aut
947 2483 1136 2559 viminibus
1152 2483 1206 2556 in·

105 2693 107 2710 ¹
229 2606 347 2696 textis,
374 2631 453 2704 quae
482 2604 593 2684 subito
620 2608 678 2702 (ut
703 2589 872 2700 temporis
896 2601 1066 2700 exiguitas
1089 2603 1205 2700 postu-

229 2728 343 2820 labat)
382 2725 529 2822 pellibus
550 2724 800 2808 ,induxerant3
839 2719 937 2798 tertia
965 2720 1099 2820 vigilia,
1136 2747 1206 2829 qua

230 2844 376 2922 minime
400 2845 528 2931 arduus
552 2847 598 2926 ad
624 2842 760 2940 nostras¹
789 2841 998 2920 munitiones
1029 2842 1206 2918 adscensus

229 2967 425 3059 videbatur,
469 2966 633 3041 omnibus
671 2963 779 3062 copiis
810 2969 951 3062 ¹repente
988 2989 1034 3038 ex
1057 2962 1208 3062 *oppido

230 3087 446 3189 eruptionem
482 3086 651 3162 fecerunt.
698 3083 878 3175 Celeriter,
913 3103 952 3158 ut
984 3103 1064 3164 ante
1095 3081 1207 3158 Caesar

229 3211 430 3309 imperarat,
458 3207 597 3308 ignibus
625 3203 990 3307 significationesasla,
1016 3230 1061 3280 ex
1087 3204 1206 3303 proxi-

230 3330 296 3404 mis
313 3329 459 3405 castellis
484 3354 527 3404 eo
544 3326 747 3404 concursum
770 3325 840 3402 est:
866 3345 1136 3424 pugnatumque
1161 3325 1208 3398 ab
1320 3317 1326 3324 ’

230 3448 383 3524 hostibus
400 3449 448 3524 ita
464 3449 599 3540 acriter,
625 3468 698 3522 uta
712 3445 794 3521 viris
810 3445 972 3535 sortibus,
998 3445 1035 3520 in
1051 3464 1206 3520 extrema
1275 3535 1279 3546 1

231 3567 289 3667 spe
312 3568 439 3658 salutis,
464 3569 587 3667 iniquo
613 3569 693 3658 loco
718 3585 838 3652 contra
859 3591 942 3657 eos,
959 3567 1020 3664 qui
1042 3590 1087 3639 ex
1110 3562 1206 3648 vallo

231 3687 449 3786 turribusque
465 3691 532 3768 tela
550 3688 723 3789 jacerent,
744 3685 890 3788 pugnari
918 3686 1037 3766 debuit
1050 3713 1077 3790 ;1
1093 3705 1207 3782 quum
