2814 4754
250 401 317 479 172
521 383 989 481 C.ch11slrnsnn1s'

229 559 451 662 'Ciceronem
475 559 613 655 sciebat,
631 583 746 664 eoque
761 565 906 640 omnino
921 564 1180 664 remittendum
1203 565 1253 643 de

246 680 419 756 celeritate
436 682 666 776 existimabat,
680 682 848 777 consedit,
869 690 903 760 δι
918 712 1025 786 quam
1040 689 1250 786 aequiffimo

162 892 164 899 s
247 802 361 898 potest
393 803 486 897 loco,
522 805 631 880 castra
659 806 878 880 communit:
918 812 1025 906 atquc'
1056 810 1150 900 haec',
1181 813 1250 884 etst

204 973 208 980 -
247 945 345 998 erant
370 925 499 1024 exigua
521 951 582 1024 pet
608 925 655 1018 se,
676 927 746 1000 'vix
767 913 953 1002 hominum
984 927 1129 1004 milium
1160 955 1249 1021 vu,

248 1043 436 1144 praescrtim
452 1047 556 1122 nullis
580 1073 664 1122 cum
689 1046 948 1144 inpedimentis,
965 1069 1082 1124 tamen
1109 1051 1251 1150 angus-

245 1167 302 1242 tiis
328 1168 480 1259 viarum,
511 1195 618 1267 quam
641 1169 795 1242 maxime
825 1169 952 1266 potest,
977 1171 1176 1262 contrahit,
1189 1197 1250 1246 eo

249 1289 405 1382 confilio,
436 1310 476 1363 ut
504 1289 539 1362 in
570 1288 743 1364 summam
775 1289 1055 1397 contemtionem
1081 1293 1253 1367 hostibus

255 1409 384 1484 veniat.
444 1411 586 1485 interim
616 1410 886 1508 speculatoribus
912 1411 951 1486 in
980 1437 1102 1486 omnes
1130 1393 1266 1512 partes

180 1573 182 1578 ,
247 1523 405 1622 dimissis,
429 1534 603 1629 explorat,
623 1557 695 1630 quo
719 1532 998 1624 commodissime
1019 1533 1148 1609 itinere
1169 1535 1248 1609 val·

162 1701 165 1722 ,
248 1653 319 1725 lem
336 1655 475 1725 transire
491 1654 601 1749 poffit.
636 1679 639 1691 ·
717 1675 721 1684 ·

296 1774 344 1845 L.
387 1774 443 1845 Eo
476 1771 535 1846 die
567 1773 721 1872 parvulis
755 1773 969 1874 equestribus
1014 1773 1150 1874 proeliis
1196 1775 1248 1848 ad

248 1917 380 1992 aquarn
412 1893 526 1986 factis,
561 1895 703 1994 utrique
734 1894 801 1969 sese
833 1895 894 1970 suo
923 1896 1002 1970 loco
1031 1895 1220 1970 continent
1232 1925 1245 1984 3

220 2022 222 2030 ’
247 2015 356 2108 Galli,
376 2016 473 2113 quod
487 2015 675 2114 ampliores
691 2015 823 2113 copias,
843 2041 922 2114 quae
938 2018 1098 2092 nondum
1109 2041 1244 2092 conve.-

244 2139 381 2227 nerant,
400 2136 645 2235 exspectabant
655 2165 666 2224 ;
693 2134 818 2228 Caesar,
837 2141 859 2210 fi
877 2137 966 2212 sorte
982 2137 1122 2214 timoris
1135 2143 1243 2214 stmu-
1303 2125 1308 2132 ’

247 2257 376 2332 latione
391 2258 506 2330 hostes
524 2257 673 2331 insnum
692 2259 811 2332 locum
828 2258 950 2334 elicere
967 2263 1091 2358 pollet,
1107 2281 1145 2335 ut
1156 2259 1243 2334 citra

246 2377 375 2449 vallem
404 2399 467 2472 pro
496 2375 611 2450 castris
635 2376 762 2473 proelio
782 2384 1034 2468 contenderet3
1060 2386 1084 2454 sr
1107 2381 1242 2455 idcffi-

247 2521 326 2570 cere
343 2522 414 2569 non
444 2498 568 2594 pollet,
585 2517 639 2587 ut,
658 2498 848 2595 exploratis
874 2499 1082 2591 itineribus,
1099 2503 1243 2575 minore

247 2644 330 2693 curn
358 2611 510 2715 periculo
537 2618 667 2691 vallem
695 2618 879 2718 rivumque
905 2624 1084 2693 transtret„
1118 2622 1242 2696 Prima

246 2740 325 2812 luce
341 2738 493 2812 hostium
510 2738 683 2837 equitatus
699 2741 744 2814 ad
759 2738 867 2814 castra
882 2740 1034 2831 accedit,
1050 2723 1262 2838 proelium*-

247 2885 316 2960 quc
334 2873 417 2935 cum
433 2858 556 2934 nostris
576 2860 748 2958 equitibus
765 2859 969 2935 committit.
1017 2860 1133 2936 Caesar
1151 2857 1240 2938 con-

248 2981 337 3058 sulto
354 2980 487 3081 equites
500 2982 635 3073 cedere,
647 2981 750 3080 seque
768 2981 803 3056 in
816 2981 923 3056 castra
939 2981 1092 3079 recipere
1107 2981 1237 3082 jubet;

246 3106 361 3195 fimul,
396 3128 442 3176 ex
471 3101 636 3177 omnibus
665 3101 819 3200 pattibus
845 3102 953 3176 castra
978 3103 1104 3177 altiore
1142 3103 1238 3196 vallo

247 3225 390 3316 muniri,
420 3221 603 3322 portasque
630 3223 776 3314 obstrui,
807 3223 976 3323 atquein
1005 3223 1060 3316 his
1083 3221 1235 3298 admini-

245 3348 394 3422 strandis
420 3349 521 3421 rebus
544 3344 835 3443 quammaxime
863 3343 1076 3438 concursari,
1087 3350 1126 3420 ⁵&
1149 3365 1235 3418 cum

247 3469 463 3542 simulatione
479 3467 614 3539 timoris
631 3464 689 3563 agi
705 3463 819 3561 jubet.

295 3589 360 3663 LI.
377 3586 525 3686 *Qibus
547 3582 712 3658 omnibus
736 3587 839 3658 rebus
861 3585 977 3660 hostes
1006 3581 1151 3672 invitati,
1170 3605 1231 3654 co*

248 3705 322 3805 pias
343 3704 590 3796 transducunt,
611 3704 795 3802 aciemque
815 3704 938 3802 iniquo
961 3707 1041 3782 loco
1063 3699 1231 3782 constitus
