2866 4754
193 405 313 484 ,1⁶⁶
433 457 438 464 -
508 397 948 523 eminemus

150 631 152 644 .
240 573 277 648 a
292 568 504 669 superiorum
516 595 690 652 annonam
701 566 951 646 consuetudine
966 565 1124 645 anostris
1139 592 1234 669 cog-

240 709 435 778 noverant;
462 689 686 790 &quosdam
708 692 755 766 de
770 687 927 768 exercitu
942 673 1034 766 meri
1054 686 1237 786 captivos,

239 813 285 887 ab
315 810 371 886 his
401 812 638 888 docebantur.
687 813 770 904 Sed,
810 811 910 888 nulla
941 806 1238 886 ferramentorum

240 931 357 1032 copia,
389 957 468 1032 quae
500 932 579 1009 sunt
606 933 652 1009 ad
670 934 777 1008 'hunc
809 930 911 1010 usum
937 930 1078 1038 idonea,
1104 929 1240 1031 gladiis

239 1051 405 1152 cespitem
419 1053 687 1149 circumcidere,
706 1053 881 1146 manibus,
894 1051 1087 1154 sagulisque
1102 1065 1241 1129 terram

240 1174 424 1250 exhaurire
439 1155 667 1275 cogebantur.
717 1180 801 1275 Qua
816 1174 962 1276 quidem
988 1188 1035 1250 ex
1050 1197 1087 1248 re
1113 1171 1240 1250 homi·

239 1320 331 1370 num
347 1296 540 1372 multitudo
554 1295 718 1398 cognosci
731 1296 848 1396 potuit
863 1323 880 1402 :A
904 1319 989 1370 nam
1005 1292 1122 1370 minus
1137 1292 1243 1370 horis

240 1416 367 1510 tribus,
390 1417 530 1494 milium
549 1444 575 1494 x
600 1417 639 1492 in
655 1417 802 1494 circuitu
819 1415 1058 1494 munitionem
1080 1413 1242 1516 perfece-

241 1557 348 1614 runt:
383 1536 592 1637 reliquisque
629 1538 755 1614 diebus
792 1558 903 1614 turres
933 1538 981 1612 ad
997 1535 1244 1613 altitudinem

241 1657 339 1748 valli,
365 1655 470 1732 falces
486 1657 757 1759 testudinesque,
784 1685 871 1759 quas
887 1657 998 1736 iidem
1012 1656 1142 1757 captivi
1165 1661 1243 1734 do·

239 1797 398 1870 cuetant‚
426 1803 544 1884 parare
561 1805 603 1856 ac
619 1778 735 1856 facere
751 1799 945 1881 coepenrnt.

229 1965 230 1970 ,
291 1901 431 1976 XLIII.
466 1900 624 2001 Septimo
658 1890 933 2004 obpugnationis
963 1900 1038 1992 die,
1074 1897 1243 1977 maximo

241 2041 367 2098 coorto
387 2041 509 2114 vento,
543 2021 715 2100 ferventes
739 2023 831 2100 fusili
859 2049 906 2098 ex
932 2020 1056 2122 argilla
1084 2021 1240 2120 ‘glandes

241 2141 375 2234 fundis,
406 2148 442 2219 dc
471 2143 657 2220 fervefadla
677 2143 795 2245 jacula
820 2143 859 2220 in
886 2142 992 2236 casas,
1026 2165 1106 2243 quae
1133 2153 1240 2220 more

241 2264 384 2338 Gallico
411 2263 609 2342 stramentis
632 2288 730 2343 erant
755 2268 869 2359 tedlae,
890 2265 1008 2366 jacere
1035 2281 1240 2364 coeperunt.

241 2383 315 2458 Hae
339 2381 498 2458 celeriter
525 2384 647 2484 ignem
675 2387 1029 2484 comprehenderunt,
1060 2388 1111 2475 δι,
1137 2384 1240 2462 venti
1294 2407 1301 2416 ·

240 2501 499 2602 magnitudine,
526 2503 564 2578 in
590 2529 735 2579 omnem
758 2503 951 2580 castrorum
976 2506 1098 2580 locum
1122 2506 1239 2582 distu-

241 2626 369 2699 lerunt.
418 2624 564 2717 Hostes,
591 2623 750 2698 maximo
776 2619 930 2698 clamore
946 2620 1105 2716 insecuti,
1134 2631 1237 2724 quali

133 2769 141 2780 ·
241 2752 342 2841 parta
351 2743 429 2841 jam
450 2761 558 2842 atque
572 2744 757 2841 explorata
777 2742 940 2836 victoria,
965 2763 1092 2836 turres,
1121 2743 1236 2822 testu·

240 2862 408 2964 dinelque
422 2849 540 2965 agere,
568 2862 710 2941 &scalis
726 2866 861 2942 vallum
884 2862 1093 2942 adscendere
1109 2892 1237 2967 coepe-

239 3003 335 3061 runt.
374 2989 439 3060 ‚At
455 3005 552 3062 tanta
576 2985 734 3073 militurn
750 2985 873 3078 virtus,
903 3006 1009 3087 atque
1025 3012 1067 3062 ea
1084 2988 1236 3088 praesen-

240 3107 291 3184 tia
317 3107 425 3184 animi
452 3106 533 3200 suit,
554 3129 596 3184 ut
623 3134 737 3209 quum
764 3108 924 3210 undique
948 3112 1095 3186 flamma
1122 3129 1234 3185 torne-

233 3252 376 3324 rentur,
404 3229 633 3330 maximaque
659 3232 811 3306 telorum
838 3214 1066 3307 multitudine
1093 3213 1235 3330 preme·

119 3414 123 3424 ,
240 3360 376 3444 rentur,
402 3351 533 3451 suaque
561 3351 682 3428 omnia
707 3352 948 3452 inpedimenta
972 3370 1079 3453 atque
1106 3367 1233 3428 omnes

240 3470 396 3547 fortunas
419 3476 634 3572 conflagrare
648 3473 914 3574 intellegerent3
941 3497 1013 3548 non
1030 3473 1139 3548 modo
1166 3471 1231 3544 de·
1307 3487 1317 3496 ·

239 3589 414 3691 migrandi
430 3595 545 3694 caussa
554 3594 601 3668 de
612 3594 707 3669 vallo
721 3595 904 3670 decederet
919 3621 1040 3688 nemo,
1058 3591 1116 3670 sed
1128 3611 1233 3692 paene

237 3735 284 3786 ne
311 3709 495 3810 respiceret
520 3712 667 3824 quidem
691 3713 900 3816 quisquam
928 3742 972 3793 ac
1000 3735 1078 3792 tum
1103 3734 1230 3797 omnes
