<?xml version="1.0" encoding="UTF-8"?>
<!DOCTYPE html PUBLIC "-//W3C//DTD XHTML 1.0 Transitional//EN"
    "http://www.w3.org/TR/xhtml1/DTD/xhtml1-transitional.dtd">
<html xmlns="http://www.w3.org/1999/xhtml" xml:lang="en" lang="en">
 <head>
  <title>
</title>
<meta http-equiv="Content-Type" content="text/html;charset=utf-8" />
  <meta name='ocr-system' content='tesseract 3.04.00' />
  <meta name='ocr-capabilities' content='ocr_page ocr_carea ocr_par ocr_line ocrx_word'/>
</head>
<body>
  <div class='ocr_page' id='page_1' title='image "./caiijuliicaesar00dodwgoog_0199.png"; bbox 0 0 2814 4754; ppageno 0'>
   <div class='ocr_carea' id='block_1_1' title="bbox 214 387 1023 486">
    <p class='ocr_par' dir='ltr' id='par_1_1' title="bbox 214 387 1023 486">
     <span class='ocr_line' id='line_1_1' title="bbox 214 387 1023 486; baseline -0.001 -20"><span class='ocrx_word' id='word_1_1' title='bbox 214 391 313 466; x_wconf 65' lang='lat'>²188</span> <span class='ocrx_word' id='word_1_2' title='bbox 454 387 551 462; x_wconf 82' lang='lat' dir='ltr'>·C.</span> <span class='ocrx_word' id='word_1_3' title='bbox 577 389 713 486; x_wconf 73' lang='lat' dir='ltr'>Jusrr</span> <span class='ocrx_word' id='word_1_4' title='bbox 740 387 950 467; x_wconf 70' lang='lat' dir='ltr'>Casinis</span> <span class='ocrx_word' id='word_1_5' title='bbox 1015 408 1023 450; x_wconf 85' lang='lat'>-·</span> 
     </span>
    </p>
   </div>
   <div class='ocr_carea' id='block_1_2' title="bbox 239 556 1395 662">
    <p class='ocr_par' dir='ltr' id='par_1_2' title="bbox 239 556 1395 662">
     <span class='ocr_line' id='line_1_2' title="bbox 239 556 1395 662; baseline 0.005 -26"><span class='ocrx_word' id='word_1_6' title='bbox 239 560 413 662; x_wconf 77' lang='lat' dir='ltr'>equitatus</span> <span class='ocrx_word' id='word_1_7' title='bbox 439 587 589 640; x_wconf 87' lang='lat' dir='ltr'>numero</span> <span class='ocrx_word' id='word_1_8' title='bbox 609 565 798 657; x_wconf 87' lang='lat' dir='ltr'>nonnullos</span> <span class='ocrx_word' id='word_1_9' title='bbox 813 558 958 638; x_wconf 82' lang='lat' dir='ltr'>Gallicis</span> <span class='ocrx_word' id='word_1_10' title='bbox 979 559 1082 638; x_wconf 80' lang='lat' dir='ltr'>rebus</span> <span class='ocrx_word' id='word_1_11' title='bbox 1095 556 1229 640; x_wconf 70' lang='lat' dir='ltr'>&#39;favere</span> <span class='ocrx_word' id='word_1_12' title='bbox 1383 585 1395 598; x_wconf 77' lang='grc'><em>“</em></span> 
     </span>
    </p>
   </div>
   <div class='ocr_carea' id='block_1_3' title="bbox 141 681 1227 1145">
    <p class='ocr_par' dir='ltr' id='par_1_3' title="bbox 141 681 1227 1145">
     <span class='ocr_line' id='line_1_3' title="bbox 141 681 1226 784; baseline 0.006 -31"><span class='ocrx_word' id='word_1_13' title='bbox 141 729 150 752; x_wconf 77' lang='grc'><strong><em>,</em></strong></span> <span class='ocrx_word' id='word_1_14' title='bbox 227 700 364 756; x_wconf 85' lang='lat' dir='ltr'>natura</span> <span class='ocrx_word' id='word_1_15' title='bbox 387 685 549 784; x_wconf 83' lang='lat' dir='ltr'>cogebat.</span> <span class='ocrx_word' id='word_1_16' title='bbox 597 684 794 776; x_wconf 85' lang='lat' dir='ltr'><strong>Labienus,</strong></span> <span class='ocrx_word' id='word_1_17' title='bbox 824 685 932 759; x_wconf 70' lang='lat' dir='ltr'>noctu</span> <span class='ocrx_word' id='word_1_18' title='bbox 957 681 1104 758; x_wconf 89' lang='lat' dir='ltr'>tribunis</span> <span class='ocrx_word' id='word_1_19' title='bbox 1129 684 1226 760; x_wconf 87' lang='lat' dir='ltr'>mili·</span> 
     </span>
     <span class='ocr_line' id='line_1_4' title="bbox 239 801 1225 912; baseline 0.003 -37"><span class='ocrx_word' id='word_1_20' title='bbox 239 820 331 893; x_wconf 91' lang='lat' dir='ltr'>tum,</span> <span class='ocrx_word' id='word_1_21' title='bbox 353 801 542 912; x_wconf 69' lang='lat' dir='ltr'>primisque</span> <span class='ocrx_word' id='word_1_22' title='bbox 558 805 740 881; x_wconf 86' lang='lat' dir='ltr'>ordinibus</span> <span class='ocrx_word' id='word_1_23' title='bbox 752 804 893 897; x_wconf 67' lang='lat' dir='ltr'>coalitis,</span> <span class='ocrx_word' id='word_1_24' title='bbox 911 803 999 904; x_wconf 92' lang='lat' dir='ltr'>quid</span> <span class='ocrx_word' id='word_1_25' title='bbox 1011 801 1065 880; x_wconf 87' lang='lat' dir='ltr'>sui</span> <span class='ocrx_word' id='word_1_26' title='bbox 1082 801 1122 880; x_wconf 76' lang='lat' dir='ltr'>rt·</span> <span class='ocrx_word' id='word_1_27' title='bbox 1137 829 1225 880; x_wconf 85' lang='lat' dir='ltr'>eon-</span> 
     </span>
     <span class='ocr_line' id='line_1_5' title="bbox 236 921 1225 1026; baseline 0.004 -30"><span class='ocrx_word' id='word_1_28' title='bbox 236 921 312 1014; x_wconf 85' lang='lat' dir='ltr'>filii,</span> <span class='ocrx_word' id='word_1_29' title='bbox 341 925 526 1024; x_wconf 87' lang='lat' dir='ltr'>proponit;</span> <span class='ocrx_word' id='word_1_30' title='bbox 556 929 606 1018; x_wconf 73' lang='lat' dir='ltr'>tc,</span> <span class='ocrx_word' id='word_1_31' title='bbox 620 979 622 984; x_wconf 83' lang='lat'><em>.</em></span> <span class='ocrx_word' id='word_1_32' title='bbox 636 949 709 1026; x_wconf 91' lang='lat' dir='ltr'>quo</span> <span class='ocrx_word' id='word_1_33' title='bbox 737 923 871 1000; x_wconf 85' lang='lat' dir='ltr'>facilius</span> <span class='ocrx_word' id='word_1_34' title='bbox 898 923 1056 1002; x_wconf 87' lang='lat' dir='ltr'>hostibus</span> <span class='ocrx_word' id='word_1_35' title='bbox 1086 924 1225 1001; x_wconf 89' lang='lat' dir='ltr'>timoris</span> 
     </span>
     <span class='ocr_line' id='line_1_6' title="bbox 199 1043 1227 1145; baseline 0.004 -27"><span class='ocrx_word' id='word_1_36' title='bbox 199 1101 203 1108; x_wconf 88' lang='lat'><em>.</em></span> <span class='ocrx_word' id='word_1_37' title='bbox 234 1044 296 1118; x_wconf 88' lang='lat' dir='ltr'>det</span> <span class='ocrx_word' id='word_1_38' title='bbox 311 1043 555 1144; x_wconf 87' lang='lat' dir='ltr'>suspicionem,</span> <span class='ocrx_word' id='word_1_39' title='bbox 573 1043 703 1144; x_wconf 83' lang='lat' dir='ltr'>majore</span> <span class='ocrx_word' id='word_1_40' title='bbox 718 1045 862 1145; x_wconf 87' lang='lat' dir='ltr'>strepitu</span> <span class='ocrx_word' id='word_1_41' title='bbox 873 1050 909 1121; x_wconf 77' lang='grc' dir='ltr'>δι</span> <span class='ocrx_word' id='word_1_42' title='bbox 921 1043 1093 1138; x_wconf 86' lang='lat' dir='ltr'>tumultu,</span> <span class='ocrx_word' id='word_1_43' title='bbox 1112 1069 1227 1145; x_wconf 79' lang='lat' dir='ltr'>quam</span> 
     </span>
    </p>
   </div>
   <div class='ocr_carea' id='block_1_4' title="bbox 75 1164 1292 1388">
    <p class='ocr_par' dir='ltr' id='par_1_4' title="bbox 75 1164 1292 1388">
     <span class='ocr_line' id='line_1_7' title="bbox 75 1164 1226 1266; baseline -0.003 -22"><span class='ocrx_word' id='word_1_44' title='bbox 75 1233 83 1244; x_wconf 89' lang='lat'><em>.</em></span> <span class='ocrx_word' id='word_1_45' title='bbox 235 1165 361 1264; x_wconf 90' lang='lat' dir='ltr'>populi</span> <span class='ocrx_word' id='word_1_46' title='bbox 377 1165 533 1243; x_wconf 88' lang='lat' dir='ltr'>Romani</span> <span class='ocrx_word' id='word_1_47' title='bbox 554 1165 620 1242; x_wconf 87' lang='lat' dir='ltr'>fert</span> <span class='ocrx_word' id='word_1_48' title='bbox 635 1164 863 1259; x_wconf 84' lang='lat' dir='ltr'>consuetudo,</span> <span class='ocrx_word' id='word_1_49' title='bbox 893 1167 1001 1243; x_wconf 86' lang='lat' dir='ltr'>castra</span> <span class='ocrx_word' id='word_1_50' title='bbox 1015 1165 1154 1246; x_wconf 87' lang='lat' dir='ltr'>moveri</span> <span class='ocrx_word' id='word_1_51' title='bbox 1164 1165 1226 1266; x_wconf 90' lang='lat' dir='ltr'>ju-</span> 
     </span>
     <span class='ocr_line' id='line_1_8' title="bbox 84 1284 1292 1388; baseline 0 -27"><span class='ocrx_word' id='word_1_52' title='bbox 84 1341 85 1348; x_wconf 18' lang='grc' dir='ltr'><strong>κ</strong></span> <span class='ocrx_word' id='word_1_53' title='bbox 234 1286 307 1360; x_wconf 88' lang='lat' dir='ltr'>bct.</span> <span class='ocrx_word' id='word_1_54' title='bbox 348 1284 420 1361; x_wconf 91' lang='lat' dir='ltr'>His</span> <span class='ocrx_word' id='word_1_55' title='bbox 435 1288 539 1363; x_wconf 87' lang='lat' dir='ltr'>rebus</span> <span class='ocrx_word' id='word_1_56' title='bbox 554 1285 649 1388; x_wconf 84' lang='lat' dir='ltr'>fugae</span> <span class='ocrx_word' id='word_1_57' title='bbox 667 1287 813 1364; x_wconf 81' lang='lat' dir='ltr'>slmilem</span> <span class='ocrx_word' id='word_1_58' title='bbox 829 1286 1224 1385; x_wconf 69' lang='lat' dir='ltr'>prosedionemtefficit</span> <span class='ocrx_word' id='word_1_59' title='bbox 1288 1361 1292 1370; x_wconf 75' lang='grc'><em>,</em></span> 
     </span>
    </p>
   </div>
   <div class='ocr_carea' id='block_1_5' title="bbox 228 1407 1228 2712">
    <p class='ocr_par' dir='ltr' id='par_1_5' title="bbox 228 1407 1228 2712">
     <span class='ocr_line' id='line_1_9' title="bbox 237 1407 1228 1508; baseline 0.004 -26"><span class='ocrx_word' id='word_1_60' title='bbox 237 1409 334 1482; x_wconf 81' lang='lat' dir='ltr'>Haec</span> <span class='ocrx_word' id='word_1_61' title='bbox 350 1431 495 1508; x_wconf 87' lang='lat' dir='ltr'>quoque</span> <span class='ocrx_word' id='word_1_62' title='bbox 512 1433 575 1507; x_wconf 88' lang='lat' dir='ltr'>per</span> <span class='ocrx_word' id='word_1_63' title='bbox 586 1407 826 1507; x_wconf 74' lang='lat' dir='ltr'>exploratores</span> <span class='ocrx_word' id='word_1_64' title='bbox 842 1427 923 1484; x_wconf 88' lang='lat' dir='ltr'>ante</span> <span class='ocrx_word' id='word_1_65' title='bbox 938 1411 1057 1486; x_wconf 87' lang='lat' dir='ltr'>lucem</span> <span class='ocrx_word' id='word_1_66' title='bbox 1073 1409 1114 1486; x_wconf 88' lang='lat' dir='ltr'>in</span> <span class='ocrx_word' id='word_1_67' title='bbox 1130 1427 1228 1486; x_wconf 87' lang='lat' dir='ltr'>tanta</span> 
     </span>
     <span class='ocr_line' id='line_1_10' title="bbox 235 1528 1137 1629; baseline 0.003 -26"><span class='ocrx_word' id='word_1_68' title='bbox 235 1528 499 1629; x_wconf 77' lang='lat' dir='ltr'>propinquitate</span> <span class='ocrx_word' id='word_1_69' title='bbox 520 1528 712 1605; x_wconf 84' lang='lat' dir='ltr'>castrorum</span> <span class='ocrx_word' id='word_1_70' title='bbox 728 1531 775 1606; x_wconf 90' lang='lat' dir='ltr'>ad</span> <span class='ocrx_word' id='word_1_71' title='bbox 790 1529 909 1606; x_wconf 83' lang='lat' dir='ltr'>hostes.</span> <span class='ocrx_word' id='word_1_72' title='bbox 918 1528 1137 1606; x_wconf 87' lang='lat' dir='ltr'>deferuntur.</span> 
     </span>
     <span class='ocr_line' id='line_1_11' title="bbox 284 1649 1226 1750; baseline 0.008 -28"><span class='ocrx_word' id='word_1_73' title='bbox 284 1649 382 1724; x_wconf 85' lang='lat' dir='ltr'><strong>VIII.</strong></span> <span class='ocrx_word' id='word_1_74' title='bbox 407 1649 478 1723; x_wconf 83' lang='lat' dir='ltr'>Vix</span> <span class='ocrx_word' id='word_1_75' title='bbox 502 1673 633 1750; x_wconf 80' lang='lat' dir='ltr'>agmen</span> <span class='ocrx_word' id='word_1_76' title='bbox 651 1651 876 1728; x_wconf 86' lang='lat' dir='ltr'>noviffimum</span> <span class='ocrx_word' id='word_1_77' title='bbox 892 1668 991 1725; x_wconf 82' lang='lat' dir='ltr'>extra</span> <span class='ocrx_word' id='word_1_78' title='bbox 1006 1651 1226 1730; x_wconf 80' lang='lat' dir='ltr'>munitiones</span> 
     </span>
     <span class='ocr_line' id='line_1_12' title="bbox 233 1769 1222 1871; baseline 0.005 -28"><span class='ocrx_word' id='word_1_79' title='bbox 233 1771 466 1867; x_wconf 65' lang='lat' dir='ltr'>processeram</span> <span class='ocrx_word' id='word_1_80' title='bbox 496 1796 608 1871; x_wconf 91' lang='lat' dir='ltr'>quum</span> <span class='ocrx_word' id='word_1_81' title='bbox 625 1771 735 1864; x_wconf 92' lang='lat' dir='ltr'>Galli,</span> <span class='ocrx_word' id='word_1_82' title='bbox 758 1771 928 1850; x_wconf 82' lang='lat' dir='ltr'>cohortati</span> <span class='ocrx_word' id='word_1_83' title='bbox 943 1769 1034 1846; x_wconf 84' lang='lat' dir='ltr'>inter</span> <span class='ocrx_word' id='word_1_84' title='bbox 1048 1769 1096 1863; x_wconf 87' lang='lat' dir='ltr'>Ie,</span> <span class='ocrx_word' id='word_1_85' title='bbox 1124 1777 1155 1816; x_wconf 90' lang='lat'><strong><em>“</em></strong></span> <span class='ocrx_word' id='word_1_86' title='bbox 1172 1796 1222 1848; x_wconf 86' lang='lat' dir='ltr'>ne</span> 
     </span>
     <span class='ocr_line' id='line_1_13' title="bbox 234 1885 1225 1991; baseline 0.008 -28"><span class='ocrx_word' id='word_1_87' title='bbox 234 1894 263 1942; x_wconf 87' lang='lat'>‘·‘</span> <span class='ocrx_word' id='word_1_88' title='bbox 281 1885 624 1991; x_wconf 71' lang='lat' dir='ltr'>speratam-praedam</span> <span class='ocrx_word' id='word_1_89' title='bbox 640 1915 686 1968; x_wconf 81' lang='lat' dir='ltr'>ex</span> <span class='ocrx_word' id='word_1_90' title='bbox 704 1891 867 1972; x_wconf 88' lang='lat' dir='ltr'>manibus</span> <span class='ocrx_word' id='word_1_91' title='bbox 878 1892 1114 1982; x_wconf 82' lang='lat' dir='ltr'>dimitterent3</span> <span class='ocrx_word' id='word_1_92' title='bbox 1139 1895 1225 1970; x_wconf 90' lang='lat' dir='ltr'>lon·</span> 
     </span>
     <span class='ocr_line' id='line_1_14' title="bbox 231 2011 1224 2120; baseline 0.003 -32"><span class='ocrx_word' id='word_1_93' title='bbox 231 2015 264 2055; x_wconf 89' lang='lat'>·“</span> <span class='ocrx_word' id='word_1_94' title='bbox 282 2035 371 2111; x_wconf 89' lang='lat' dir='ltr'>gum</span> <span class='ocrx_word' id='word_1_95' title='bbox 396 2011 485 2105; x_wconf 83' lang='lat' dir='ltr'>effe,</span> <span class='ocrx_word' id='word_1_96' title='bbox 524 2013 707 2112; x_wconf 84' lang='lat' dir='ltr'>perterritis</span> <span class='ocrx_word' id='word_1_97' title='bbox 739 2013 925 2120; x_wconf 80' lang='lat' dir='ltr'>Romapis,</span> <span class='ocrx_word' id='word_1_98' title='bbox 959 2014 1224 2090; x_wconf 85' lang='lat' dir='ltr'>Germanorum</span> 
     </span>
     <span class='ocr_line' id='line_1_15' title="bbox 234 2132 1220 2236; baseline 0.002 -28"><span class='ocrx_word' id='word_1_99' title='bbox 234 2133 264 2176; x_wconf 90' lang='lat'><strong>“</strong></span> <span class='ocrx_word' id='word_1_100' title='bbox 280 2133 452 2210; x_wconf 83' lang='lat' dir='ltr'>auxilium</span> <span class='ocrx_word' id='word_1_101' title='bbox 468 2134 689 2234; x_wconf 78' lang='lat' dir='ltr'>exspectare;</span> <span class='ocrx_word' id='word_1_102' title='bbox 707 2159 834 2235; x_wconf 90' lang='lat' dir='ltr'>neque</span> <span class='ocrx_word' id='word_1_103' title='bbox 854 2132 952 2210; x_wconf 90' lang='lat' dir='ltr'>suam</span> <span class='ocrx_word' id='word_1_104' title='bbox 965 2133 1047 2235; x_wconf 87' lang='lat' dir='ltr'>pati</span> <span class='ocrx_word' id='word_1_105' title='bbox 1063 2132 1220 2236; x_wconf 86' lang='lat' dir='ltr'>dignita-</span> 
     </span>
     <span class='ocr_line' id='line_1_16' title="bbox 232 2257 1221 2356; baseline 0.005 -29"><span class='ocrx_word' id='word_1_106' title='bbox 232 2258 365 2347; x_wconf 66' lang='lat' dir='ltr'>“tem</span> <span class='ocrx_word' id='word_1_107' title='bbox 402 2274 443 2331; x_wconf 84' lang='lat' dir='ltr'>ut</span> <span class='ocrx_word' id='word_1_108' title='bbox 461 2257 579 2332; x_wconf 80' lang='lat' dir='ltr'>tantis</span> <span class='ocrx_word' id='word_1_109' title='bbox 607 2257 715 2356; x_wconf 88' lang='lat' dir='ltr'>copiis</span> <span class='ocrx_word' id='word_1_110' title='bbox 747 2275 821 2332; x_wconf 87' lang='lat' dir='ltr'>tam</span> <span class='ocrx_word' id='word_1_111' title='bbox 852 2257 1019 2356; x_wconf 81' lang='lat' dir='ltr'>exiguam</span> <span class='ocrx_word' id='word_1_112' title='bbox 1054 2281 1221 2347; x_wconf 82' lang='lat' dir='ltr'>manum,</span> 
     </span>
     <span class='ocr_line' id='line_1_17' title="bbox 232 2372 1222 2474; baseline 0.004 -27"><span class='ocrx_word' id='word_1_113' title='bbox 232 2372 466 2470; x_wconf 82' lang='lat' dir='ltr'>“praesertim</span> <span class='ocrx_word' id='word_1_114' title='bbox 483 2374 691 2474; x_wconf 85' lang='lat' dir='ltr'>fugientem,</span> <span class='ocrx_word' id='word_1_115' title='bbox 718 2394 823 2473; x_wconf 83' lang='lat' dir='ltr'>atque</span> <span class='ocrx_word' id='word_1_116' title='bbox 849 2373 1059 2474; x_wconf 83' lang='lat' dir='ltr'>inpeditam,</span> <span class='ocrx_word' id='word_1_117' title='bbox 1091 2375 1222 2454; x_wconf 82' lang='lat' dir='ltr'>adoriri</span> 
     </span>
     <span class='ocr_line' id='line_1_18' title="bbox 231 2495 1222 2594; baseline 0.002 -26"><span class='ocrx_word' id='word_1_118' title='bbox 231 2497 260 2540; x_wconf 91' lang='lat'><strong>“</strong></span> <span class='ocrx_word' id='word_1_119' title='bbox 277 2518 352 2570; x_wconf 89' lang='lat' dir='ltr'>non</span> <span class='ocrx_word' id='word_1_120' title='bbox 368 2496 517 2572; x_wconf 87' lang='lat' dir='ltr'>audeant</span> <span class='ocrx_word' id='word_1_121' title='bbox 530 2497 569 2582; x_wconf 88' lang='lat'>;&#39;&#39;</span> <span class='ocrx_word' id='word_1_122' title='bbox 592 2495 728 2572; x_wconf 87' lang='lat' dir='ltr'>flumen</span> <span class='ocrx_word' id='word_1_123' title='bbox 743 2497 899 2586; x_wconf 83' lang='lat' dir='ltr'>transire,</span> <span class='ocrx_word' id='word_1_124' title='bbox 917 2499 965 2570; x_wconf 58' lang='grc' dir='ltr'><strong>ἃ</strong></span> <span class='ocrx_word' id='word_1_125' title='bbox 986 2495 1110 2594; x_wconf 90' lang='lat' dir='ltr'>iniquo</span> <span class='ocrx_word' id='word_1_126' title='bbox 1133 2498 1222 2576; x_wconf 86' lang='lat' dir='ltr'>loco</span> 
     </span>
     <span class='ocr_line' id='line_1_19' title="bbox 228 2611 1219 2712; baseline 0.002 -25"><span class='ocrx_word' id='word_1_127' title='bbox 228 2614 395 2712; x_wconf 86' lang='lat' dir='ltr'>proelium</span> <span class='ocrx_word' id='word_1_128' title='bbox 411 2615 630 2692; x_wconf 88' lang='lat' dir='ltr'>committere</span> <span class='ocrx_word' id='word_1_129' title='bbox 646 2641 718 2690; x_wconf 90' lang='lat' dir='ltr'>non</span> <span class='ocrx_word' id='word_1_130' title='bbox 732 2613 905 2690; x_wconf 81' lang='lat' dir='ltr'>dubitant.</span> <span class='ocrx_word' id='word_1_131' title='bbox 946 2617 1038 2711; x_wconf 84' lang='lat' dir='ltr'>Qrae</span> <span class='ocrx_word' id='word_1_132' title='bbox 1054 2611 1130 2688; x_wconf 86' lang='lat' dir='ltr'>fore</span> <span class='ocrx_word' id='word_1_133' title='bbox 1146 2613 1219 2689; x_wconf 90' lang='lat' dir='ltr'>sus·</span> 
     </span>
    </p>
   </div>
   <div class='ocr_carea' id='block_1_6' title="bbox 111 2731 1222 2832">
    <p class='ocr_par' dir='ltr' id='par_1_6' title="bbox 111 2731 1222 2832">
     <span class='ocr_line' id='line_1_20' title="bbox 111 2731 1222 2832; baseline 0.002 -24"><span class='ocrx_word' id='word_1_134' title='bbox 111 2798 116 2808; x_wconf 75' lang='grc'>,</span> <span class='ocrx_word' id='word_1_135' title='bbox 227 2732 364 2832; x_wconf 75' lang='lat' dir='ltr'>picotus</span> <span class='ocrx_word' id='word_1_136' title='bbox 389 2735 579 2827; x_wconf 83' lang='lat' dir='ltr'>Labienus,</span> <span class='ocrx_word' id='word_1_137' title='bbox 598 2755 648 2810; x_wconf 90' lang='lat' dir='ltr'>·ut</span> <span class='ocrx_word' id='word_1_138' title='bbox 663 2758 786 2810; x_wconf 87' lang='lat' dir='ltr'>omnes</span> <span class='ocrx_word' id='word_1_139' title='bbox 801 2732 1038 2814; x_wconf 85' lang='lat' dir='ltr'>eitrallumen</span> <span class='ocrx_word' id='word_1_140' title='bbox 1058 2731 1222 2828; x_wconf 84' lang='lat' dir='ltr'>eliceret,</span> 
     </span>
    </p>
   </div>
   <div class='ocr_carea' id='block_1_7' title="bbox 225 2850 1216 2956">
    <p class='ocr_par' dir='ltr' id='par_1_7' title="bbox 225 2850 1216 2956">
     <span class='ocr_line' id='line_1_21' title="bbox 225 2850 1216 2956; baseline 0.006 -28"><span class='ocrx_word' id='word_1_141' title='bbox 225 2850 350 2928; x_wconf 88' lang='lat' dir='ltr'>eadem</span> <span class='ocrx_word' id='word_1_142' title='bbox 366 2853 445 2930; x_wconf 92' lang='lat' dir='ltr'>usus</span> <span class='ocrx_word' id='word_1_143' title='bbox 462 2853 680 2952; x_wconf 74' lang='lat' dir='ltr'>simulatione</span> <span class='ocrx_word' id='word_1_144' title='bbox 688 2853 838 2947; x_wconf 87' lang='lat' dir='ltr'>itineris,</span> <span class='ocrx_word' id='word_1_145' title='bbox 857 2852 994 2955; x_wconf 75' lang='lat' dir='ltr'>placide</span> <span class='ocrx_word' id='word_1_146' title='bbox 1009 2855 1216 2956; x_wconf 81' lang='lat' dir='ltr'>progredie-</span> 
     </span>
    </p>
   </div>
   <div class='ocr_carea' id='block_1_8' title="bbox 223 2973 1219 3816">
    <p class='ocr_par' dir='ltr' id='par_1_8' title="bbox 223 2973 1219 3816">
     <span class='ocr_line' id='line_1_22' title="bbox 226 2973 1219 3077; baseline -0.002 -25"><span class='ocrx_word' id='word_1_147' title='bbox 226 2978 342 3052; x_wconf 87' lang='lat' dir='ltr'>batur.</span> <span class='ocrx_word' id='word_1_148' title='bbox 390 2977 490 3053; x_wconf 91' lang='lat' dir='ltr'>Tum</span> <span class='ocrx_word' id='word_1_149' title='bbox 507 2976 859 3077; x_wconf 78' lang='lat' dir='ltr'>praemiffispaullum</span> <span class='ocrx_word' id='word_1_150' title='bbox 876 2973 1137 3076; x_wconf 88' lang='lat' dir='ltr'>inpedimentis,</span> <span class='ocrx_word' id='word_1_151' title='bbox 1160 2993 1219 3052; x_wconf 86' lang='lat' dir='ltr'>at·</span> 
     </span>
     <span class='ocr_line' id='line_1_23' title="bbox 227 3095 1216 3199; baseline 0.018 -28"><span class='ocrx_word' id='word_1_152' title='bbox 227 3096 357 3197; x_wconf 86' lang='lat' dir='ltr'>quein</span> <span class='ocrx_word' id='word_1_153' title='bbox 384 3099 522 3176; x_wconf 90' lang='lat' dir='ltr'>tumulo</span> <span class='ocrx_word' id='word_1_154' title='bbox 545 3095 703 3199; x_wconf 82' lang='lat' dir='ltr'>quodam</span> <span class='ocrx_word' id='word_1_155' title='bbox 730 3096 945 3184; x_wconf 67' lang='lat' dir='ltr'>conlocatus</span> <span class='ocrx_word' id='word_1_156' title='bbox 972 3101 1002 3141; x_wconf 90' lang='lat'>“</span> <span class='ocrx_word' id='word_1_157' title='bbox 1020 3096 1216 3197; x_wconf 78' lang='lat' dir='ltr'>Habetis,”</span> 
     </span>
     <span class='ocr_line' id='line_1_24' title="bbox 223 3193 1214 3320; baseline 0.001 -26"><span class='ocrx_word' id='word_1_158' title='bbox 223 3217 356 3320; x_wconf 90' lang='lat' dir='ltr'>inquit,</span> <span class='ocrx_word' id='word_1_159' title='bbox 384 3226 413 3266; x_wconf 91' lang='lat'><strong>“</strong></span> <span class='ocrx_word' id='word_1_160' title='bbox 431 3193 573 3313; x_wconf 78' lang='lat' dir='ltr'>milites,</span> <span class='ocrx_word' id='word_1_161' title='bbox 591 3245 702 3320; x_wconf 87' lang='lat' dir='ltr'>quam</span> <span class='ocrx_word' id='word_1_162' title='bbox 718 3218 862 3320; x_wconf 88' lang='lat' dir='ltr'>petistis,</span> <span class='ocrx_word' id='word_1_163' title='bbox 885 3219 1108 3296; x_wconf 83' lang='lat' dir='ltr'>facultatem:</span> <span class='ocrx_word' id='word_1_164' title='bbox 1134 3215 1214 3295; x_wconf 88' lang='lat' dir='ltr'>hos·</span> 
     </span>
     <span class='ocr_line' id='line_1_25' title="bbox 227 3339 1213 3441; baseline 0 -27"><span class='ocrx_word' id='word_1_165' title='bbox 227 3347 345 3428; x_wconf 35' lang='lat' dir='ltr'>s‘vtern</span> <span class='ocrx_word' id='word_1_166' title='bbox 360 3340 518 3441; x_wconf 88' lang='lat' dir='ltr'>inpedito</span> <span class='ocrx_word' id='word_1_167' title='bbox 529 3360 637 3441; x_wconf 86' lang='lat' dir='ltr'>atque</span> <span class='ocrx_word' id='word_1_168' title='bbox 654 3341 777 3440; x_wconf 92' lang='lat' dir='ltr'>iniquo</span> <span class='ocrx_word' id='word_1_169' title='bbox 791 3339 1029 3433; x_wconf 79' lang='lat' dir='ltr'>locotcnetis:</span> <span class='ocrx_word' id='word_1_170' title='bbox 1056 3339 1213 3438; x_wconf 81' lang='lat' dir='ltr'>praestate</span> 
     </span>
     <span class='ocr_line' id='line_1_26' title="bbox 227 3458 1211 3560; baseline -0.005 -23"><span class='ocrx_word' id='word_1_171' title='bbox 227 3464 258 3509; x_wconf 72' lang='lat'>‘⁸</span> <span class='ocrx_word' id='word_1_172' title='bbox 276 3461 438 3538; x_wconf 83' lang='lat' dir='ltr'>eamdem</span> <span class='ocrx_word' id='word_1_173' title='bbox 455 3461 564 3540; x_wconf 50' lang='lat' dir='ltr'>*nobis</span> <span class='ocrx_word' id='word_1_174' title='bbox 590 3461 742 3540; x_wconf 87' lang='lat' dir='ltr'>ducibus</span> <span class='ocrx_word' id='word_1_175' title='bbox 763 3460 943 3554; x_wconf 85' lang='lat' dir='ltr'>virtutem,</span> <span class='ocrx_word' id='word_1_176' title='bbox 970 3485 1080 3560; x_wconf 85' lang='lat' dir='ltr'>quam</span> <span class='ocrx_word' id='word_1_177' title='bbox 1102 3458 1211 3558; x_wconf 76' lang='lat' dir='ltr'>sape·</span> 
     </span>
     <span class='ocr_line' id='line_1_27' title="bbox 227 3579 1211 3683; baseline 0.011 -31"><span class='ocrx_word' id='word_1_178' title='bbox 227 3585 257 3625; x_wconf 79' lang='lat'>‘¹</span> <span class='ocrx_word' id='word_1_179' title='bbox 273 3604 422 3656; x_wconf 89' lang='lat' dir='ltr'>numero</span> <span class='ocrx_word' id='word_1_180' title='bbox 437 3579 643 3683; x_wconf 80' lang='lat' dir='ltr'>Imperatori</span> <span class='ocrx_word' id='word_1_181' title='bbox 661 3579 884 3681; x_wconf 72' lang='lat' dir='ltr'>praestitistis:</span> <span class='ocrx_word' id='word_1_182' title='bbox 915 3581 1140 3670; x_wconf 73' lang='lat' dir='ltr'>adeffeeeurn,</span> <span class='ocrx_word' id='word_1_183' title='bbox 1172 3581 1211 3653; x_wconf 72' lang='grc' dir='ltr'>ὅτ</span> 
     </span>
     <span class='ocr_line' id='line_1_28' title="bbox 226 3698 1212 3816; baseline 0.004 -41"><span class='ocrx_word' id='word_1_184' title='bbox 226 3703 256 3746; x_wconf 88' lang='grc'><strong>“</strong></span> <span class='ocrx_word' id='word_1_185' title='bbox 267 3698 348 3776; x_wconf 77' lang='lat' dir='ltr'>hac</span> <span class='ocrx_word' id='word_1_186' title='bbox 374 3723 495 3816; x_wconf 74' lang='lat' dir='ltr'>coram</span> <span class='ocrx_word' id='word_1_187' title='bbox 516 3724 669 3794; x_wconf 87' lang='lat' dir='ltr'>cernere,</span> <span class='ocrx_word' id='word_1_188' title='bbox 697 3698 931 3786; x_wconf 56' lang='lat' dir='ltr'>existimant</span> <span class='ocrx_word' id='word_1_189' title='bbox 979 3699 1090 3780; x_wconf 90' lang='lat' dir='ltr'>Simul</span> <span class='ocrx_word' id='word_1_190' title='bbox 1101 3701 1212 3802; x_wconf 78' lang='lat' dir='ltr'>tigna</span> 
     </span>
    </p>
   </div>
   <div class='ocr_carea' id='block_1_9' title="bbox 0 0 1412 4754">
    <p class='ocr_par' dir='ltr' id='par_1_9' title="bbox 0 0 1412 4754">
     <span class='ocr_line' id='line_1_29' title="bbox 0 0 1412 4754; baseline 0 4"><span class='ocrx_word' id='word_1_191' title='bbox 0 0 1412 4754; x_wconf 95' lang='lat' dir='ltr'> </span> 
     </span>
    </p>
   </div>
  </div>
 </body>
</html>
