2814 4754
237 415 307 493 ¹70
502 389 544 466 C.
569 387 711 488 Juerr
736 384 949 466 Cnsnnrs
1035 348 1039 362 .

229 563 414 655 exercitus,
433 563 569 638 obfides
587 561 786 656 civitatum,
804 562 932 640 litteras
949 561 1128 664 publicas,
1146 557 1243 638 -fruq

227 703 462 785 mentumque
494 709 615 778 omne,
657 683 755 785 quod
789 709 833 760 eo
867 685 1055 762 toleranda
1093 682 1240 759 hiemis

230 808 345 882 caussa
367 797 573 898 devexerat,
602 805 833 906 relinquebat.
882 805 1029 899 Fabius,
1046 826 1085 882 ut
1107 804 1239 904 impe·

135 919 138 928 ’
227 947 343 1004 ratum
371 947 456 1019 erat,
486 952 560 1002 non
579 926 633 1002 ita
657 927 810 1003 multum
839 946 1007 1020 moratus,
1037 927 1073 1001 in
1100 926 1239 1000 itinere

204 1147 210 1154 N
228 1073 312 1124 cum
337 1049 477 1149 legione
495 1048 658 1124 occurrit.
720 1045 914 1140 Labienus,
932 1044 1070 1122 interitu
1087 1045 1236 1137 Sabini,

229 1174 265 1244 δι
281 1171 378 1245 caede
393 1170 590 1246 cohortium
609 1168 766 1270 cognita,
793 1195 908 1270 quum
930 1193 1053 1260 omnes
1064 1171 1123 1258 ,ad
1141 1191 1238 1244 eum
1291 1243 1292 1248 ,

224 1290 456 1366 Trevirorum
472 1291 584 1390 copiae
603 1287 783 1380 venissent,
802 1291 947 1382 veritus,
967 1317 1026 1384 ne,
1045 1294 1069 1364 fi
1093 1289 1143 1364 eit
1170 1289 1235 1364 hi-

225 1411 343 1486 bernis
358 1411 453 1512 sugae
465 1413 611 1489 similem
628 1407 1042 1511 prosedionemrseciffet,
1063 1411 1233 1491 hostium

228 1530 389 1631 inpetum
412 1531 576 1608 sustinere
599 1560 672 1608 non
694 1535 818 1632 posset,
844 1531 1032 1632 prasertim
1050 1558 1145 1638 quos
1174 1557 1236 1608 re·

229 1652 326 1730 centi,
337 1652 483 1727 vidoria
498 1653 612 1728 efferri
629 1653 887 1745 sciret,.litter·as
904 1652 1029 1727 Caesari
1048 1651 1202 1726 remittit
1217 1681 1232 1740 3

229 1793 362 1872 quanto
386 1799 469 1848 cum
488 1774 645 1873 periculo
661 1755 838 1876 legionem
862 1801 907 1850 ex
931 1773 1086 1850 hibernis
1109 1775 1230 1853 educ·

229 1912 328 1970 turus
343 1897 451 1983 esset;
478 1921 559 1976 rem,
569 1897 702 1998 gestam
718 1898 754 1972 in
773 1896 1001 1974 Eburonibus
1017 1892 1228 1996 perscribit3

228 2019 334 2093 docet
352 2043 475 2095 omnes
494 2019 668 2119 equitatus
690 2019 934 2119 peditatusque
958 2017 1076 2116 copias
1092 2018 1128 2091 T
1128 2016 1227 2092 revi-

228 2160 347 2215 rorum
367 2166 420 2216 111
438 2138 534 2215 milia
551 2143 710 2241 passuum
726 2142 835 2241 longe
858 2125 904 2216 ab
919 2138 986 2215 suis
1001 2138 1116 2216 castris
1133 2164 1226 2213 con-

230 2260 362 2334 sedisse·
712 2261 715 2270 ’

250 2467 254 2475 ι
276 2382 449 2466 XLVIII.
475 2379 602 2473 Caesar,
619 2381 763 2455 consilio
779 2379 853 2478 ejus
870 2384 1031 2480 probato,
1049 2370 1126 2472 etfi,
1142 2381 1225 2478 opi·
1294 2451 1299 2464 ,

228 2497 335 2585 nione
349 2527 402 2576 111
422 2499 603 2600 legionum
619 2499 785 2600 dejedtus,
804 2501 849 2574 ad
868 2527 902 2576 ιι
921 2500 1082 2588 redierat,
1100 2520 1223 2574 tamen
1263 2587 1275 2602 ,

180 2615 183 2636 ²
227 2647 341 2696 unum
357 2621 557 2697 communis
573 2619 689 2696 salutis
706 2620 876 2694 auxilium
893 2618 930 2691 in
952 2615 1129 2692 celeritate
1151 2644 1218 2715 po·
1274 2621 1288 2630 ”

226 2742 344 2814 nebat.
415 2741 521 2814 Venit
549 2741 687 2840 magnis
718 2738 899 2814 itineribus
930 2738 968 2812 in
1000 2737 1220 2816 Nerviorum

225 2861 323 2936 fines.
372 2860 428 2936 Ibi
453 2886 499 2935 ex
515 2859 659 2960 captivis
682 2858 874 2961 cognoscit,
894 2884 975 2959 quae
1002 2860 1099 2959 apud
1115 2861 1220 2936 Cice-

178 2999 181 3006 “
226 2981 350 3058 roneni
379 2995 570 3083 gerantur,
591 3003 795 3082 quantoque
827 2981 864 3056 in
894 2981 1049 3081 periculo
1081 3005 1138 3056 res
1166 2985 1217 3057 fir.

227 3107 326 3180 Tum
342 3101 484 3182 cuidam
500 3131 546 3180 ex
568 3103 742 3204 equitibus
767 3102 877 3178 Gallis
902 3102 1041 3203 magnis
1065 3101 1219 3202 praemiis

228 3227 422 3326 persuadet,
457 3226 508 3303 uti
539 3227 584 3301 ad
618 3225 827 3300 Ciceronem
859 3223 1042 3324 epistolam
1075 3221 1217 3302 deferat

228 3349 336 3425 Hanc
360 3349 492 3424 Graecis
520 3346 753 3446 conscriptam
776 3343 896 3421 litteris
920 3344 1028 3420 mittit
1040 3374 1052 3434 ς
1079 3333 1145 3436 ne,
1162 3345 1215 3418 in·

227 3486 381 3570 tercepta
404 3471 561 3569 epistola,
587 3469 701 3542 nostra
723 3469 770 3542 ab
791 3467 947 3543 hostibus
964 3465 1103 3541 consilia
1128 3488 1215 3561 cog·
1273 3449 1277 3454 ’

226 3588 435 3672 noscantur:
463 3595 486 3664 st
503 3591 601 3666 adire
614 3613 686 3663 non
704 3591 819 3686 poffrt,
838 3609 974 3678 monet,
987 3607 1027 3662 ut
1042 3584 1216 3683 tragulam

227 3735 311 3787 cum
327 3709 488 3808 epistola,
506 3713 550 3786 ad
573 3729 754 3788 amentum
775 3709 943 3811 deligata,
967 3709 1057 3785 intra
1072 3703 1216 3780 muniti·
1255 3712 1258 3724 '
