2932 4750
257 401 304 475 30
524 371 568 446 C.
592 372 728 469 Jourr
746 371 966 448 cusum

245 569 372 649 perere
391 528 586 647 ooeperont·
636 549 902 624 Animadvertit
926 545 1053 640 Caesar,
1081 525 1172 622 unos
1197 569 1244 623 ex

254 671 420 764 omnibus
436 656 615 770 Sequanos
630 657 718 746 nihil
734 697 852 746 eorum
873 695 995 745 rerum
1010 667 1138 760 facere,
1157 693 1243 769 quas

255 790 364 865 ceteri
391 787 570 879 facerent3
596 789 656 866 sed
685 791 809 884 tristes,
829 791 959 890 eapite
978 787 1140 882 demisso,
1176 809 1243 879 rer·

253 937 329 986 ram
345 911 483 986 intueri.
534 898 618 1012 Ejus
646 912 694 986 rei
711 915 826 988 caussa
854 938 935 1012 quae
960 909 1058 1005 esset,-
1082 910 1243 1003 miratus,

214 1057 216 1067 ·
255 1059 302 1108 ex
330 1033 410 1132 ipsis
434 1022 578 1132 quufiit.
628 1033 729 1108 Nihil
756 1033 909 1133 Sequani
936 1031 1156 1132 respondere,
1179 1030 1244 1116 sed

253 1154 431 1229 incudem
448 1153 587 1228 tristitia
610 1154 705 1229 taciti
722 1179 936 1253 permanere.
986 1157 1112 1254 Quum
1135 1155 1181 1228 ab
1199 1152 1242 1228 iis
1267 1221 1271 1229 .

255 1274 382 1374 saepius
400 1295 583 1374 quaereret‚
597 1301 724 1374 *neque
741 1277 851 1350 ullam
868 1274 1014 1350 omnino
1030 1295 1157 1350 vocem
1183 1298 1245 1348 ex·

195 1453 198 1462 .
254 1397 407 1498 primore
431 1395 566 1494 poffet3
591 1397 687 1472 idem
714 1395 909 1472 Divitiacus
934 1396 1075 1472 AEduus
1103 1391 1243 1494 respon·

256 1518 331 1594 dit:
361 1526 389 1562 “
408 1519 496 1592 Hoc
512 1519 580 1609 else
596 1516 822 1609 miseriorem,
851 1514 1244 1616 gravioremquefortu·

258 1647 287 1684 “
305 1643 660 1737 nomSequanorum,
688 1665 796 1738 quam
814 1638 1042 1737 reliquorum,
1068 1637 1165 1734 quod
1183 1636 1246 1711 soli
1317 1699 1319 1704 .

258 1766 289 1804 “
307 1785 353 1836 ne
383 1761 419 1834 in
447 1762 589 1834 occulto
614 1759 760 1857 quidem
786 1759 898 1858 queri,
932 1782 1046 1855 neque
1073 1755 1246 1834 auxilium

257 1888 286 1927 “
305 1880 478 1980 inplorare
495 1882 683 1968 auderent.;
703 1879 926 1978 *absentisque
940 1863 1106 1952 Ariovisti
1119 1878 1243 1952 crude-

258 2009 288 2046 “
306 2001 456 2094 litatem,
475 2003 572 2076 velut
584 2005 607 2076 fi
620 2027 739 2077 coram
753 2001 895 2092 adesset,
908 2003 1088 2075 horrerent
1104 2027 1125 2072 :¹
1140 2024 1245 2097 prop-

259 2129 289 2167 “
307 2143 399 2199 terea
409 2123 507 2224 quod
518 2122 660 2222 reliquis
676 2142 795 2198 tamen
811 2123 906 2223 fugae
920 2121 1068 2198 facultas
1080 2121 1245 2206 daretur3

256 2251 287 2297 ·“
305 2244 473 2342 Sequanis
494 2269 595 2335 vero,
626 2240 689 2343 qui
709 2243 799 2318 intra
824 2236 911 2320 fines
938 2242 1015 2318 suos
1033 2241 1248 2318 Ariovistum

259 2370 287 2406 “
304 2363 522 2460 recepissent,
537 2379 700 2460 ‘quorum
718 2361 852 2460 oppida
875 2363 994 2436 omnia
1018 2363 1054 2436 in
1067 2461 1068 2466 ἵ
1080 2361 1248 2459 potestate
1354 2355 1360 2372 ⁸

259 2490 287 2527 “
305 2481 376 2582 ejus
393 2483 515 2573 essent,
527 2507 661 2556 omues
678 2480 850 2556 eruciatus
873 2483 982 2555 essent
997 2480 1156 2580 perferen
1185 2482 1232 2556 '.''

256 2651 258 2658 ·
305 2604 483 2684 XXXIII,
509 2602 580 2678 His
605 2605 707 2678 rebus
735 2601 902 2702 cognitis,
928 2601 1042 2677 Caesar
1062 2603 1247 2678 Gallorum

257 2723 393 2798 enimus
409 2723 525 2798 verbis
554 2722 797 2798 confirmavit:
829 2721 1072 2822 pollicitusque
1092 2722 1156 2814 est,
1185 2723 1250 2798 srbi·

254 2868 334 2920 eam
351 2865 426 2918 rem
441 2869 534 2920 curae
550 2842 730 2920 futuram:
762 2857 931 2943 magnam
943 2842 979 2919 se
992 2837 1122 2919 habere
1133 2841 1246 2943 spem,

193 2973 196 2982 ⁴
256 2970 292 3042 lt
320 2964 493 3040 beneficio
519 2964 595 3056 suo,
620 2969 654 3040 δι
682 2963 885 3040 ευᾶοῑὶῑαῐε
912 2965 1107 3042 adduuum
1131 2965 1243 3041 ‘Ario-

257 3088 401 3180 ustum,
437 3087 546 3162 finem
578 3085 712 3186 injuriis
744 3085 928 3162 saelorum.
978 3087 1062 3162 Hac
1086 3079 1247 3162 ¹oratione

229 3229 232 3236 '
255 3210 389 3304 habita,
407 3207 597 3284 concilium
613 3207 754 3285 dimifit.
797 3209 844 3282 Et
860 3207 1052 3283 secundum
1069 3233 1109 3282 ea
1125 3209 1244 3283 rnultae

258 3357 311 3406 res
326 3355 409 3406 eum
426 3333 669 3423 hortabuntur,
694 3355 808 3430 quare
823 3328 886 3406 srbi
903 3353 981 3404 earn
1000 3353 1075 3404 rem
1089 3329 1246 3428 cogitan-

258 3453 342 3525 dam
377 3457 411 3527 &
447 3451 697 3551 suscipiendam
731 3461 891 3549 putaret:
934 3447 1104 3547 inprimis,
1148 3450 1246 3548 quod

259 3570 396 3646 AEduos
428 3569 548 3647 fratres
579 3570 922 3671 consanguineosque
960 3570 1198 3670 saepenuruero
1228 3595 1249 3643 a

259 3690 378 3768 senatu
404 3692 615 3791 adpellem,
651 3692 694 3766 in
720 3691 880 3768 servitute
907 3711 1014 3792 a'tque
1042 3690 1080 3765 in
1111 3688 1247 3778 ditione
