2850 4752
258 383 331 457 262
504 381 731 478 C.Jun11
758 380 996 475 Cmsnnrs

258 553 511 655 custodiasque·
526 555 573 630 ad
600 554 693 655 ripas
719 555 859 658 Ligeris
875 553 1084 654 disponere,
1109 556 1244 655 equita·

257 697 407 777 tumque
434 676 599 752 omnibus
627 673 1088 777 loeis,injiciendit'1'moris
1114 679 1243 768 cauffa,

259 798 430 873 ostentare
447 819 652 896 coeperunt;
672 802 695 873 st
710 801 757 874 ab
773 824 810 875 re
824 795 1050 874 frumentaria
1062 800 1245 872 Romanos

255 921 458 1010 excludere,
474 939 545 994 aut
570 920 741 994 adductos
766 919 888 1022 inopia
905 944 951 994 ex
975 914 1161 994 Provincia
1181 942 1242 991 ex-

256 1041 407 1116 cludere.
417 1043 563 1139 poffent.
614 1039 734 1140 Qam
749 1041 796 1114 ad
813 1038 910 1139 spem
925 1040 1080 1114 multum
1097 1061 1156 1112 eos
1180 1037 1243 1112 ad·

252 1159 418 1260 juvabat,
430 1211 432 1220 ,
444 1162 542 1261 quod
564 1151 676 1260 Liger
692 1185 737 1235 ex
762 1161 900 1236 nivibus
916 1179 1082 1250 creverat,
1099 1177 1150 1232 *ut
1164 1182 1242 1232 om·

257 1282 453 1380 ninouvado
469 1306 541 1356 non
560 1268 656 1380 poffe
672 1282 802 1356 tranfiri
823 1282 1009 1357 videretur.

306 1403 407 1478 LVI.
432 1400 572 1501 Qubus
587 1404 691 1477 rebus
706 1402 856 1503 cognitis
867 1401 982 1476 Caesar
997 1401 1245 1477 maturandum

257 1524 320 1600 fibi
336 1522 480 1614 censuit,
505 1525 629 1598 fieffet
651 1523 690 1617 in
713 1524 938 1623 ¹perficiendis
961 1521 1129 1622 pontibus
1155 1519 1247 1620 peri·

257 1628 466 1734 elitandum,
492 1665 531 1719 ut
553 1643 682 1743 prius,
699 1669 806 1745 quam
823 1645 931 1718 effent
948 1639 1095 1741 majores
1111 1667 1156 1716 eo
1183 1668 1246 1717 co·

257 1766 343 1840 auae
360 1764 486 1862 copiae,
496 1764 699 1856 dimicaret.
728 1767 848 1856 Nam,
866 1784 906 1839 ut
922 1781 1139 1840 oommutato
1155 1788 1245 1838 con·
1305 1763 1307 1768 ’

257 1884 331 1959 filio
344 1885 461 1990 iter-in
477 1886 701 1962 Provinciam
718 1904 948 1977 converteret,
976 1886 1035 1982 (ut
1051 1907 1159 1958 nemo
1172 1909 1247 1960 non

206 2021 209 2036 ’
257 2027 336 2082 tum
364 2006 511 2106 quidem
540 2007 724 2084 neceffario
750 2003 957 2082 faciundum
986 2004 1245 2102 existimabat,)

259 2154 372 2227 quum
401 2127 546 2205 infamia
568 2130 675 2230 atque
697 2127 889 2229 indignitas
915 2126 980 2218 rei,
1005 2129 1040 2200 δι
1064 2128 1246 2225 obpofitus

257 2275 360 2324 mons
377 2231 789 2350 Cevenna,.fviarumque
804 2249 993 2325 difficultas
1017 2245 1244 2347 inpediebat3

257 2389 334 2444 tum
352 2369 521 2462 maxime,
547 2371 645 2468 quod
661 2369 864 2468 Agendico,
881 2368 1058 2460 Labieno,
1085 2387 1191 2467 atque
1207 2368 1247 2446 iis

257 2488 472 2590 legionibus,
490 2517 577 2590 quas
592 2516 664 2608 una
678 2489 828 2581 miserat,
845 2491 1071 2565 vehementer
1088 2487 1246 2568 timebat.

257 2613 394 2708 Itaque,
411 2610 606 2685 admodum
619 2610 771 2710 magnis,
788 2609 918 2684 diurnis
929 2629 1036 2708 atque
1051 2609 1245 2702 nocturnis,

175 2773 179 2790 ι
255 2729 437 2805 itineribus
454 2727 632 2820 consedit,
643 2763 645 2770 ¹
658 2748 780 2804 contra
797 2727 958 2804 omnium
978 2728 1185 2828 opinionem
1200 2733 1244 2807 ad

257 2847 419 2947 Ligerim
438 2849 627 2948 pervenite
654 2848 819 2949 vadoque
847 2873 908 2950 per
925 2850 1059 2950 equites
1084 2850 1244 2945 invento,

224 3031 225 3034 ,
260 2968 393 3070 protei
413 2972 621 3075 neceffitate,
647 2972 850 3069 obpo'rtuno
861 2999 873 3059 ;
902 2990 944 3046 ut
960 2958 1103 3048 brachia
1119 2973 1244 3064 modo,

258 3113 363 3193 atque
387 3092 530 3168 humeri
547 3093 593 3166 ad
621 3090 817 3168 sustinenda
839 3117 937 3170 arma
962 3093 1064 3171 liberi
1086 3095 1132 3169 ab
1155 3119 1246 3194 aqua

173 3291 175 3296 .
199 3305 201 3312 ¹
228 3275 238 3288 .
259 3217 327 3290 effe
354 3213 503 3313 poffen't,
527 3212 691 3312 disposito
708 3213 881 3314 equitatu,
895 3215 969 3313 ‚qui
994 3214 1069 3292 vim
1092 3212 1247 3290 fluminis

259 3334 480 3434 refringeret,
509 3354 617 3432 atque
647 3334 809 3411 hostibus
831 3334 947 3434 ptimo
968 3334 1139 3434 'adspersu
1166 3360 1244 3434 per·

259 3455 426 3547 turbatis,
451 3455 670 3530 incolumem
703 3453 896 3530 exercitum
922 3455 1136 3532 transduxit:
1170 3453 1244 3532 fru-

189 3649 218 3671 .,
261 3581 493 3677 mentumque
521 3576 557 3651 in
583 3575 688 3676 agris,
713 3578 750 3654 dt
777 3576 923 3676 pecoris:
939 3575 1079 3678 copiam
1105 3576 1242 3669 metus,
