2850 4752
253 411 366 488 270·-
494 387 549 463 CL¹
573 390 719 484 Jonrr
756 387 1039 494 Crasnnr's'*

246 582 344 638 erant
371 561 545 662 imperati,
568 564 803 672 conveniunt.
845 567 993 664 Magno
1022 561 1150 637 horum
1177 590 1237 640 co*

246 685 324 759 adio
335 707 498 776 numero,
518 701 631 785 quum
648 685 760 760 Caesar
775 686 811 759 in
835 687 1013 786 Sequanos
1041 709 1103 783 per
1122 682 1237 773 extre,-

246 829 325 880 mos
339 804 546 904 Lingonum
563 805 650 880 fines
667 807 732 880 iter
748 803 889 897 faceret,
916 832 988 906 quo
1004 803 1141 880 facilius
1156 806 1238 880 sub-¹

247 915 373 1001 fidium
397 925 598 1000 Provinciae
621 919 851 1026 ferri-*pollen
879 927 1013 1002 circiter
1037 925 1134 1001 milia
1162 923 1239 1024 pas·

246 1043 349 1125 suum
380 1071 405 1120 x
429 1049 475 1121 ab
491 1046 678 1136 Romanis,
697 1046 795 1121 trinis
823 1027 939 1122 castris
970 1045 1239 1146 Vercingetorix¹

246 1161 425 1256 consedit:
465 1159 732 1266 convocatisque
761 1168 808 1241 ad
837 1159 1027 1246 concilium
1067 1166 1237 1266 praefenis

246 1286 421 1386 equitum,
440 1294 470 1332 ‘⁴
488 1287 767 1387 veniffetempus
782 1287 1234 1379 vicloriaess'demonstrat:

246 1414 274 1451 “
291 1405 411 1507 fugere
428 1407 463 1484 in
486 1407 709 1484 Provinciam
735 1412 933 1500 Romanos,
957 1409 1146 1508 Galliaque
1172 1433 1237 1484 exa

248 1534 281 1578 ‘⁶
296 1529 443 1603 cedere:
470 1528 507 1603 id
531 1527 592 1605 srbi
605 1529 650 1604 ad
661 1528 1106 1627 praesentenr'obtinendam
1130 1529 1236 1604 liber-

246 1655 400 1730 “tatem
422 1647 616 1738 satiseffez
643 1648 1008 1747 adreliquirtemporis
1032 1673 1156 1745 pacem
1181 1670 1235 1723 at-

247 1773 276 1818 ‘·‘
294 1793 365 1866 que
392 1767 519 1859 otium,
548 1795 674 1867 parurn
710 1769 861 1869 profici..
904 1765 1099 1865 Majoribus
1137 1769 1235 1843 enim

247 1894 274 1932 “
294 1888 423 1964 coadris
438 1889 548 1988 copiis
570 1889 773 1982 reversuros,
798 1891 912 1988 neque
933 1889 1042 1970 finem
1057 1887 1142 1962 belli
1162 1887 1235 1965 fac*

248 2017 275 2054 “
293 2030 400 2088 turos.
463 2011 628 2086 Proinde¹
648 2011 791 2110 agmine
818 2009 993 2108 inpeditos
1021 2009 1232 2084 adoriantur.

96 2217 99 2232 Ι
208 2187 212 2196 «
246 2137 276 2176 “
293 2131 329 2206 Si
346 2131 479 2230 pedites
500 2131 567 2207 suis
582 2131 752 2207 auxilium
770 2129 897 2223 ferant,
920 2144 1024 2230 atque
1041 2128 1137 2202 ineo
1155 2155 1231 2204 mo-

246 2259 275 2303 “
295 2272 427 2342 rentur,
460 2253 524 2327 iter
555 2254 685 2338 confici
717 2279 792 2328 non
828 2253 1012 2351 poffe:.sr
1046 2249 1105 2347 (id
1137 2251 1235 2350 quod

196 2433 200 2440 ,
247 2371 404 2472 “magis
431 2371 589 2454 futurum
615 2373 790 2468 confidat)
819 2372 945 2446 relidis
971 2369 1235 2472 inpedimentis,¹

246 2497 276 2544 “
293 2491 360 2569 suae
376 2490 475 2572 saluti
491 2493 686 2585 consulant,
708 2498 741 2568 δε
761 2489 822 2566 usu
840 2517 953 2567 rerum
970 2491 1235 2567 necessariarum

245 2622 275 2661 “
295 2620 330 2691 &
355 2614 528 2719 dignitate
550 2615 735 2713 spoliatum
765 2613 816 2686 iri.
864 2615 961 2688 Nam
990 2613 1036 2686 de
1058 2613 1235 2711 equitibus

244 2743 273 2780 “
289 2734 457 2824 hostium,
476 2734 563 2832 quin
587 2758 693 2806 nemo
709 2755 834 2806 eorum
860 2732 1026 2831 progredi
1040 2737 1155 2809 modo
1166 2757 1232 2810 ‘ex-

245 2861 344 2929 “tra
366 2877 497 2954 agmen
518 2853 658 2944 audeat3
674 2878 720 2927 ne
734 2852 825 2950 ipsos
842 2851 988 2951 quidem
1016 2855 1145 2934 dehere
1166 2857 1233 2930 du⁸⁴

245 2982 275 3020 “
293 2975 416 3051 bitare.
466 2973 510 3053 Id
527 3000 600 3074 quo
616 2971 747 3074 majore
770 2972 899 3049 faciant
915 2973 1049 3066 animo,
1069 2975 1188 3074 copias
1203 2976 1235 3051 se

237 3103 274 3200 j“
293 3099 416 3173 omnes
433 3123 496 3198 pro
512 3094 629 3174 castris
645 3095 860 3187 habiturum,
879 3099 914 3169 ὅτ
934 3094 1056 3201 terrori
1076 3097 1233 3182 hostibus

245 3213 485 3294 “futurum’'
532 3217 766 3296 Conclamant
791 3218 938 3318 equites,
969 3222 997 3264 “
1026 3215 1232 3294 sandiffi'mo

245 3338 512 3442 “jurejurando
527 3339 730 3420 confirmari
747 3323 921 3436 oportere}
940 3363 985 3412 no
1000 3339 1091 3411 tedio
1107 3319 1236 3437 recipi·¹

246 3464 274 3503 ‘⁴
292 3479 382 3553 atur,
401 3487 447 3534 ne
462 3461 507 3535 ad
530 3459 670 3551 liberos,
689 3485 734 3532 ne
750 3460 794 3533 ad
820 3479 991 3557 parentea,
1009 3484 1054 3532 ne
1077 3459 1122 3532 ad
1141 3484 1231 3533 uxo·

245 3585 274 3624 “
291 3603 367 3654 rem
378 3581 521 3658 aditum
538 3581 678 3671 habear,
697 3577 756 3679 qui
773 3603 845 3654 non
860 3579 912 3668 bis
930 3599 991 3679 per
1006 3601 1135 3680 agmen
1151 3576 1229 3654 hosi

246 3705 275 3746 “
293 3698 384 3774 tium
401 3700 661 3800 perequitarit.’'
774 3749 794 3782 μ
836 3718 844 3730 ”
