2932 4750
183 425 279 624 o.
331 503 618 671 Juu11
674 477 1176 628 cAEsnurs

291 791 1061 894 COMMENTARIORUM

640 1049 734 1111 DE

116 1256 126 1263 ’
241 1248 578 1332 BELLo
669 1227 1135 1334 oneureo

361 1492 579 1568 LIBER
628 1492 1019 1580 SECUNDUS.

390 1759 979 1800 dm

148 2053 155 2064 -
191 1991 228 2064 Ῑ·
258 1934 425 2115 Quum
452 2006 536 2080 effet
556 2003 672 2080 Caesar
695 2004 733 2078 in
750 2003 909 2080 citeriore
924 2003 1042 2079 Gallia
1066 2003 1102 2080 in
1129 2007 1182 2080 hi-

191 2126 331 2216 bernis,
359 2125 409 2199 ita
432 2125 486 2198 uti
511 2124 613 2222 supra
639 2124 968 2215 demonstravimus,
999 2125 1111 2201 crebri
1137 2129 1184 2202 ad
1213 2175 1221 2182 -

190 2273 286 2325 eum
318 2269 472 2320 rumores
497 2238 755 2335 adferebantur,
784 2243 970 2345 litterisque
996 2245 1081 2320 item
1109 2249 1182 2322 La-

190 2368 293 2446 bieni
326 2365 451 2442 certior
483 2366 603 2464 fiebat,
643 2389 765 2440 omnes
796 2367 932 2466 Belgas,
971 2393 1080 2466 quarn
1113 2387 1182 2442 ter-

184 2489 285 2580 ¹tiam
311 2489 381 2567 else
412 2486 536 2562 Gallie
563 2507 706 2597 partem¹
724 2487 937 2579 dixeramus,
966 2507 1089 2564 contra
1116 2515 1180 2588 po-

196 2611 325 2710 pulum
360 2611 568 2685 Romanum
606 2607 812 2708 conjurare3
854 2605 1058 2707 obsidesque
1092 2610 1184 2686 inter

195 2731 232 2806 se
259 2731 368 2806 dare:
401 2727 604 2830 conjurandi
636 2731 697 2806 has
726 2731 794 2806 effe
821 2723 977 2806 caudas:
1012 2730 1182 2829 primum,

197 2849 299 2950 quod
316 2870 528 2944 vererentur,
556 2875 615 2942 ne,
635 2851 735 2926 omni
752 2872 875 2950 pacata
899 2850 1028 2944 Gallia,
1054 2852 1100 2926 ad
1122 2877 1183 2928 eos

197 2973 369 3049 exercitus
407 2972 522 3048 noster
548 2973 800 3048 adduceretur:
835 2973 979 3064 deinde,
1012 2975 1110 3071 quod
1137 2977 1184 3048 ab

144 3087 150 3098 ”
196 3094 376 3170 nonnullis
387 3093 498 3170 Gallis
514 3091 788 3184 sollicitarentur,
806 3093 934 3192 partim
951 3089 1026 3192 qui,
1044 3113 1085 3166 ut
1095 3095 1185 3166 G'er-

198 3241 322 3290 manos
336 3213 464 3290 diutius
484 3213 521 3288 in
536 3212 653 3287 Gallia
675 3209 798 3288 versari
819 3215 1015 3304 noluerant,
1043 3212 1091 3286 ita
1119 3237 1184 3312 po·
1280 3227 1286 3236 '

197 3335 275 3436 puli
291 3335 448 3413 Romani
463 3331 658 3410 exercitum
674 3331 842 3422 hiemare,
871 3353 979 3432 atque
998 3332 1182 3412 inveteras-

173 3551 176 3556 .
197 3482 276 3536 cere
299 3457 338 3533 in
356 3456 485 3548 Gallia,
512 3451 657 3530 moleste
672 3450 857 3528 ferebant:
884 3453 1008 3554 partim
1026 3454 1087 3553 qui
1104 3483 1182 3534 mo-

195 3576 334 3658 bilitate
350 3583 385 3655 δι
402 3575 542 3653 levitate
558 3569 668 3652 animi
683 3573 784 3650 novis
800 3572 955 3674 imperiis
972 3574 1180 3678 studebant:

198 3698 245 3776 ab
261 3697 440 3780 nonnullis
456 3695 576 3793 etiam,
593 3697 696 3797 quod
704 3694 742 3772 in
758 3696 905 3776 Gallina
916 3697 1182 3798 potentioribus,

668 3819 749 3920 Es
