2814 4754
288 367 291 376 ⁴
320 405 325 414 ·
366 391 417 442 os
440 368 573 442 Bruto
593 366 782 443 Gnttrco
808 369 984 448 L1s.·VI.
1122 401 1196 478 2¹5

189 535 314 632 tibus,
345 537 382 614 in
414 567 540 617 omnes
573 559 685 640 partes
716 541 874 618 dimittit.
939 544 1076 620 Omnes
1109 510 1194 637 vici,

188 677 310 760 atque
335 661 456 738 omnia
482 661 644 755 aedificia,
670 689 749 764 quae
779 660 925 763 quisque
950 661 1193 764 conspexerat,

186 780 507 860 incendebantur:
529 783 647 884 ptaeda
661 808 708 860 ex
723 784 889 860 omnibus
905 783 991 860 locis
1002 786 1192 884 agebatur:

120 903 124 916 '
184 887 379 980 frumenta
393 931 467 980 non
483 904 598 982 solum
613 931 635 980 a
655 909 751 981 tanta
767 904 993 980 multitudine
1010 902 1193 1003 jumento-

63 1097 65 1102 .
185 1048 282 1100 rum
311 1041 417 1127 atque
442 1024 630 1101 hominum
659 1026 963 1118 consumebantur,
994 1023 1054 1100 sed
1084 1026 1191 1114 etiam

184 1145 284 1220 anni
298 1166 472 1245 tempore,
498 1163 606 1244 atque
628 1144 802 1220 imbribus
831 1148 1108 1243 procubuerant:
1135 1167 1188 1240 ut,

183 1269 217 1342 fi
237 1268 304 1366 qui
320 1267 429 1342 etiam
443 1266 481 1340 in
498 1263 679 1365 praesentia
695 1264 729 1342 se
744 1266 984 1357 occulmffent,
1001 1267 1186 1360 tamenin,
1225 1251 1226 1260 ἵ

184 1388 357 1464 deducto
376 1385 544 1480 exercitu,
572 1412 692 1462 rerum
710 1386 873 1463 omnium
891 1386 1013 1487 inopia
1038 1413 1187 1487 pereun-

185 1507 289 1584 dum
307 1507 492 1585 videretur.
542 1513 600 1584 Ac
630 1507 721 1608 saepe
743 1507 780 1584 in
804 1533 886 1584 eum
903 1509 1022 1585 locum
1038 1529 1186 1585 ventum

183 1627 260 1721 est,
273 1641 372 1706 tanto
387 1630 426 1704 in
448 1613 563 1706 omnis
579 1629 683 1730 partis
703 1629 816 1704 diviso
832 1627 1002 1730 equitatu,
1018 1648 1058 1706 ut
1074 1631 1185 1706 modo

184 1747 309 1828 visum
336 1751 443 1827 absc
470 1751 720 1850 Ambiorigem
753 1750 792 1824 in
824 1747 909 1851 suga
938 1751 1082 1851 captivi,
1116 1778 1182 1829 nec

184 1872 299 1991 plane
317 1873 422 1947 etiam
445 1871 550 1948 abiise
566 1897 615 1970 ex,
629 1870 815 1970 conspectu
832 1873 1097 1962 contenderent,
1127 1889 1181 1964 ut,

185 1991 254 2094 spe
281 1991 517 2092 consequendi
535 1991 657 2084 inlata,
685 2010 790 2090 atque
816 1989 957 2064 infinito
974 1991 1092 2066 labore
1112 1991 1181 2066 sus·

185 2133 311 2213 cepto,
330 2113 392 2213 qui
412 2113 446 2188 se
466 2112 641 2188 summam
661 2114 708 2187 ab
723 2110 857 2186 Caesare
874 2109 1021 2210 gratiam
1037 2109 1181 2188 inituros

186 2251 370 2334 putarent,
400 2256 500 2332 paene
527 2251 685 2308 naturam
713 2231 829 2307 st'udio
857 2231 1057 2322 vincerent;
1093 2225 1198 2309 sem-¹

185 2377 326 2454 perque
354 2353 511 2452 paullum
539 2341 585 2429 ad
608 2351 780 2430 summam
806 2350 1007 2428 felicitatem
1034 2353 1180 2432 defuisse

183 2474 386 2564 videretur3
411 2494 518 2574 atque
542 2475 600 2551 ille
621 2474 757 2550 latebris
773 2499 814 2550 ac
832 2474 936 2566 filvis,
955 2495 1015 2550 aut
1037 2475 1178 2552 saltibus

185 2595 223 2674 se
250 2596 423 2696 eriperet3
459 2600 494 2672 δι
516 2597 625 2670 noctu
652 2596 860 2687 occultatus,
890 2595 973 2671 alias
1003 2595 1176 2696 regiones,

185 2716 367 2818 partesque
393 2735 538 2815 peteret,
560 2743 633 2792 non
658 2714 790 2818 majore
814 2716 972 2817 equitum
999 2717 1174 2817 praesrdio,

184 2863 297 2937 quam
324 2863 381 2929 tv,
415 2837 544 2938 quibus
576 2837 655 2913 solis
687 2838 798 2914 vitam
825 2837 923 2915 suam
950 2839 1174 2916 committere

182 2958 350 3035 audebat.

234 3078 372 3157 XLIV.
395 3074 478 3154 Tali
504 3078 614 3154 modo
639 3075 780 3152 vastatis
800 3080 1013 3180 regionibus,
1038 3079 1170 3155 exerci-

181 3217 262 3275 tum
284 3193 412 3289 caesar,
431 3198 579 3274 duarum
602 3198 801 3273 cohortium
817 3200 969 3293 damno„
990 3203 1171 3274 Durocor-

94 3339 98 3354 '
182 3339 302 3398 torum
326 3321 526 3418 Remorum
543 3318 696 3407 reducit;
723 3318 942 3420 concilioque
963 3321 1000 3394 in
1017 3345 1099 3396 eum
1117 3322 1169 3398 lo-

183 3463 267 3518 cum
284 3439 409 3517 Galtiae
431 3438 577 3546 indicto,
606 3440 652 3516 de
672 3438 910 3540 conjuratione
928 3443 1105 3517 Senonum
1133 3441 1189 3520 &'

179 3561 379 3638 Carnutum
413 3561 640 3662 quaestionem
671 3562 800 3637 habere
821 3560 1010 3668 instituit:
1055 3569 1089 3639 δι
1121 3565 1168 3640 de

183 3686 340 3779 Accone,
358 3681 421 3787 qui
444 3681 606 3784 princeps
621 3679 695 3784 ejus
711 3682 840 3760 consilii
865 3681 987 3779 fuerat,
1006 3685 1166 3788 graviore

452 3815 455 3826 .
623 3797 626 3816 ι
657 3803 737 3896 P4
