2912 4750
419 373 1003 442 FR'AGM'E'NTA.
1161 395 1219 463 405

230 530 335 592 Atticae
358 529 495 592 matutino
516 528 641 594 occidit:
668 549 716 590 ιιι
746 530 813 590 Kal.
835 528 964 610 regiain
986 529 1096 608 pedore
1117 526 1220 587 Leonlr

227 633 302 692 stella
314 631 451 692 matutino
461 630 562 692 Caesari
575 630 752 711 inmergitur.
780 633 825 692 Ex
834 629 922 689 Plinii
930 628 951 690 l.
964 646 1059 688 xvrrt.
1072 651 1095 690 r.
1105 641 1219 688 xxvtrt.

557 759 563 770 *
622 731 666 792 De
686 730 824 791 Sideribus.

230 840 307 891 etiam
320 831 546 912 aliquidportr'c'um
559 827 645 892 edtdtt.

268 933 322 991 Sed
345 951 396 991 nec
414 932 514 1014 aliquia
533 953 611 1013 paene
635 927 799 992 Latinorum
824 929 860 992 de
882 932 933 994 hac
957 947 1016 992 arte
1036 925 1218 990 institutionis

223 1029 311 1094 libros
323 1031 441 1111 scripsrr,
461 1033 511 1092 nisr
524 1053 625 1111 paucor
645 1033 735 1092 versor
747 1032 841 1108 Juliut
854 1033 958 1103 Caesar,
984 1041 1010 1093 δι
1028 1031 1100 1110 ipsoa
1122 1047 1215 1090 tamen

224 1134 260 1190 de
272 1132 365 1218 alieno
378 1149 461 1210 opere
476 1147 623 1192 mutuatur.
663 1133 721 1208 Jul.
735 1132 872 1194 Firmicus
885 1133 1005 1207 Marhrs.
1020 1132 1056 1194 lt
1066 1152 1090 1192 r.
1105 1135 1185 1192 inr'tr'r.

242 1235 245 1240 ’
264 1229 415 1290 Exsecutus
436 1233 474 1289 est
488 1231 573 1290 etiarn
598 1233 697 1292 horum
718 1233 846 1292 Siderum
869 1253 1012 1292 numerum
1027 1233 1130 1292 Graece
1142 1233 1216 1290 Ara-

229 1345 282 1400 tus,
308 1330 392 1390 Poeta
414 1330 621 1401 disertifllmus3
651 1333 751 1412 Latine
769 1353 836 1392 vero
862 1330 966 1401 Caesar,
993 1337 1021 1390 δι
1046 1333 1130 1392 decus
1155 1331 1216 1390 elo·
1325 1321 1329 1326 ¹

226 1431 349 1508 quentiae
363 1421 485 1490 Tullius.
526 1432 579 1491 Sed
593 1433 624 1492 hi
639 1447 745 1492 tanturn
759 1433 872 1494 numina
885 1432 1074 1546 ipsorum
1021 1437 1047 1490 δι
1060 1441 1147 1495 ortus,
1160 1447 1217 1489 non

226 1535 318 1590 autem
335 1531 561 1610 apotelesmatum
581 1532 773 1594 audotitarem
793 1532 961 1592 ediderunt:
983 1531 1023 1590 ita
1041 1545 1071 1592 ut
1070 1507 1200 1588 mihi
1174 1547 1217 1588 vr·

142 1665 144 1668 ·
227 1634 345 1691 deantur
359 1654 416 1692 non
429 1633 698 1714 aliquaAllrologiae
711 1633 836 1702 scientia,
857 1633 902 1704 sed
920 1631 1032 1693 Pontica
1046 1630 1137 1710 potius
1150 1627 1216 1688 elati

224 1732 350 1802 licentia,
389 1733 490 1792 docilis
521 1732 652 1794 sermonis
683 1732 772 1794 studia
805 1733 956 1810 protulisse.
986 1733 1047 1809 Jur.
1079 1729 1216 1792 Firminus
1330 1753 1335 1770 ¹

225 1831 341 1908 Matbes.
355 1833 375 1892 l.
391 1853 478 1892 urar.
493 1853 554 1892 nv.

652 1928 785 1994 Poemala.

265 2031 394 2113 Reliquit
408 2039 434 2092 dc
447 2033 483 2094 de
496 2033 636 2114 Analogia
648 2035 735 2094 libros
748 2035 829 2103 duos,
845 2040 870 2092 δι
884 2032 1067 2104 Anticatones
1080 2028 1212 2100 totidem,

225 2155 257 2194 ac
266 2151 397 2214 prarterea
405 2137 517 2206 Poema,
530 2137 602 2215 quod
614 2134 775 2194 inscribitur
784 2135 850 2194 lrer.
874 2135 1003 2212 Quorum
1013 2133 1148 2194 librorum
1158 2129 1214 2210 pri·

224 2255 297 2306 mor,
312 2235 342 2294 in
359 2237 468 2296 transrtu
479 2235 607 2316 Alpium,
621 2253 707 2316 quum
717 2256 753 2294 ex
767 2235 896 2295 citeriore
907 2233 1015 2304 Gallia,
1030 2231 1216 2294 conventlbus

224 2331 350 2414 peradis,
365 2337 399 2394 ad
413 2336 566 2396 exercitum
581 2337 684 2396 rediret
697 2359 705 2406 ;
725 2335 877 2414 sequentes,
889 2335 940 2395 sub
955 2351 1060 2421 tempus
1073 2329 1215 2394 Munden-

169 2511 172 2519 „
224 2437 257 2493 sn
270 2435 362 2512 proelii
375 2435 443 2494 fecit
457 2457 465 2494 r
485 2436 671 2507 novillimum,
693 2437 760 2496 dum
774 2436 809 2495 ab
823 2437 902 2495 Urbe
915 2437 946 2494 in
959 2433 1127 2514 ‘Hispaniam
1140 2433 1213 2494 ulte·

224 2533 326 2594 riorem
343 2542 419 2594 rr&
433 2556 471 2594 xx
491 2537 538 2597 die
551 2536 689 2616 pervenit.
730 2536 878 2612 Suetonius
892 2546 919 2594 in
932 2536 1039 2611 Caefhrc
1056 2557 1079 2594 c.
1097 2555 1163 2596 rvr.

263 2635 400 2696 Feruntur
413 2644 470 2696 &a
494 2659 579 2717 puero
594 2636 668 2697 &ab
682 2637 887 2701 adolescentulo
900 2638 1024 2717 quaedam
1039 2634 1159 2714 scripta:
1182 2649 1212 2698 ut

222 2735 322 2795 Laudes
336 2738 464 2808 Herculis,
479 2739 618 2817 tragoedia
628 2741 754 2817 Oedipus,¹
772 2751 824 2803 &m
848 2753 919 2818 quos
937 2758 1031 2800 omnes
1044 2735 1153 2796 libellos
1166 2755 1212 2796 ve·
1241 2747 1248 2764 '

222 2833 277 2894 tuit
290 2836 428 2913 Augustus
441 2838 591 2914 publicari.
633 2839 779 2900 Suetonius
793 2852 820 2899 r'n
834 2843 939 2918 Caesare
951 2863 974 2900 c.
992 2859 1062 2899 arr.

153 2949 154 2952 ’
211 2999 213 3005 s
262 2935 333 2992 Olus
345 2955 455 3013 quoque
469 2937 585 2995 silvestre
607 2939 645 2996 est
660 2939 745 2997 trium
760 2939 905 3010 foliorum,
928 2941 967 2998 D.
981 2938 1052 3015 Julii
1075 2939 1211 3000 eat‘minl·
1290 2945 1302 2980 -’

222 3034 273 3110 bue
293 3035 430 3114 praecipue
448 3035 573 3114 jocisque
594 3035 760 3099 militaribus
773 3028 961 3096 celebratirrnr
986 3037 1099 3098 alternis
1111 3037 1216 3116 quippe

102 3133 118 3192 “.
221 3135 341 3195 rerfibus
363 3135 563 3215 exprobravere
588 3137 698 3215 lapsana
723 3138 750 3202 se
776 3138 872 3197 vixisse
898 3136 970 3216 apud
993 3137 1213 3216 Dyrrhachium,

188 3249 191 3262 ¹
224 3235 402 3320 praemiorum
427 3236 618 3315 parsimoniam
631 3237 802 3297 cavillantes.
842 3239 890 3298 Est
912 3238 1046 3299 autemid
1065 3257 1148 3322 cyma
1169 3237 1213 3298 fil·

223 3335 324 3397 velitis.
365 3336 472 3397 Plinius
485 3337 504 3396 l.
518 3357 591 3420 xlx,
601 3362 624 3398 c.
638 3359 671 3397 vr
680 3361 689 3397 r
699 3355 724 3396 1.

311 3439 440 3508 Donatus,
451 3439 501 3515 sau
520 3448 604 3515 potius
618 3441 751 3512 Suetonius
763 3449 790 3500 in
802 3449 862 3499 vita
876 3437 992 3502 Terentii
1010 3439 1053 3502 hot
1068 3439 1136 3520 sul,

385 3583 389 3592 .
423 3539 455 3600 C.
471 3540 547 3616 Jullr‘
556 3543 668 3619 Coesarr‘r
679 3550 776 3601 nomine
788 3546 877 3619 versus
886 3543 1013 3621 producit.

270 3639 316 3698 Tu
331 3659 452 3720 quoque,
473 3657 503 3700 tu
517 3639 548 3700 in
561 3640 685 3713 summis,
707 3644 724 3702 ὃ
743 3641 891 3704 dimidiare
904 3643 1072 3714 Menander,

272 3741 396 3814 Poneris,
417 3747 443 3800 δι
457 3742 569 3819 merito,
582 3743 644 3821 puri
662 3741 795 3882 strigilis
809 3758 914 3806 amator
923 3769 932 3815 ;
950 3763 955 3784 ¹
