2814 4754
380 406 429 464 na
444 374 584 464 <lisano
607 367 793 464 Gnnatoo
820 369 991 484 [rn.JVI.
1099 375 1170 486 ioy

160 555 339 646 ,militum
360 561 749 649 laborem'sublevare't3
770 555 929 662 ¹presidio
945 557 1167 660 inpedimen-

175 680 224 754 tis
245 683 435 781 ¹legionem
461 711 531 759 xrv
553 682 706 784 reliquit,
736 709 843 758 unam
867 708 913 757 ex
934 679 976 757 iis
997 709 1067 773 111,
1085 709 1173 781 quas

174 789 350 899 proxime
383 805 589 903 conscriptas
621 831 668 879 ex
695 803 795 878 ltalia
820 802 1095 882 transduxerat..
1126 804 1172 877 Ei

172 922 317 1022 legioni
336 925 516 1024 castrisque
532 930 587 1026 Q
603 925 767 999 Tullium
783 925 991 1002 Ciceronem
1009 924 1169 1024 praeficit,

169 1043 421 1145 ducentosque
437 1046 572 1145 equites
589 1045 770 1118 adtribuit.

177 1177 184 1220 ι’
226 1169 411 1240 XXXIII.
433 1166 571 1240 Partito
593 1163 764 1254 exercitu,
788 1166 835 1237 T.
857 1163 1057 1241 Labienum
1085 1191 1170 1252 cum

170 1283 384 1382 legionibus
409 1312 461 1360 ιιι
488 1287 532 1377 ad
554 1265 877 1361 Oceanum'versus
900 1283 938 1358 in
966 1310 1021 1358 eas
1044 1306 1169 1382 partes,

170 1420 265 1500 quae
295 1404 485 1502 Menapios
518 1406 720 1505 adtingunt,
753 1404 923 1504 proficisci
945 1404 1063 1504 jubet.
1124 1406 1168 1480 C.
1206 1465 1210 1474 ,

172 1524 407 1630 Trebonium
427 1552 511 1600 cum
545 1526 620 1624 pari
643 1527 822 1624 legionum
847 1551 993 1602 numero
1018 1527 1064 1602 ad
1093 1551 1172 1602 eam

171 1645 379 1744 regionem,
397 1672 475 1744 quae
498 1647 695 1721 Aduatucis
715 1645 860 1747 adjacet,
882 1648 1168 1747 depopulandam

174 1765 308 1840 mittit:
336 1766 407 1864 ipse
434 1791 517 1842 cum
537 1767 689 1866 reliquis
713 1769 822 1842 tribus
847 1770 891 1842 ad
918 1773 1050 1844 flumen
1074 1771 1169 1846 Scal-

174 1887 280 1975 dem,
301 1887 398 1985 qupd
420 1884 534 1989 influit
552 1887 594 1960 in
615 1886 771 1978 Mosam,
790 1886 1031 1986 extremasque
1048 1892 1168 1964 Ardu-

174 2025 283 2082 enae
301 2006 419 2106 partis,
437 2007 486 2083 ire
502 2006 692 2098 constituit,
707 2033 778 2106 quo
803 2031 888 2112 cum
912 2007 1030 2104 paucis
1043 2007 1169 2104 equiti

176 2129 249 2200 bus
267 2125 467 2224 profestum
488 2127 736 2226 Ambiorigem
757 2127 931 2224 audiebat.
978 2124 1170 2204 Discedens

184 2246 281 2345 post·
295 2245 469 2321 diemvrr
496 2246 562 2321 sese
586 2246 801 2324 reversurum
825 2249 1032 2322 confirmat:
1059 2273 1169 2345 quam

136 2397 137 2403 ¹
178 2365 342 2442 adffdiem
359 2363 391 2439 ei
412 2366 650 2467 legioni,thae
667 2367 710 2442 in.
720 2367 879 2468 ptaefidio
893 2367 1167 2467 relinquebatur,

178 2484 405 2561 frumentum*
427 2488 546 2563 deberi
573 2488 710 2565 sciebat.
761 2489 963 2574 Labienum
991 2490 1167 2564 Treboni·

178 2633 316 2706 umque
333 2609 504 2701 hortatur,
534 2613 557 2684 sr
587 2610 809 2710 Reipublicae
837 2612 1030 2685 commodo
1056 2608 1169 2708 facere

181 2732 319 2827 p'offint,
332 2730 383 2804 ad
399 2753 476 2806 eam
488 2729 585 2806 diem
601 2753 839 2820 revertantur3
865 2750 918 2824 ut,
937 2729 1051 2806 narsus
1067 2756 1167 2806 com·

180 2848 371 2924 municato.
386 2850 542 2941 confilio,
567 2853 823 2951 exploratisque
844 2852 996 2928 bostium
1024 2852 1166 2928 rationi·

180 2971 261 3058 bus,
277 2966 373 3041 aliud
389 2968 472 3043 belli
490 2969 628 3044 initium
644 2997 766 3068 capere
784 2974 929 3068 possent.
1106 3039 1108 3044 .

184 3115 188 3152 t
228 3087 403 3161 XXXIV.
430 3091 531 3178 Erat,
554 3107 595 3162 ut
619 3085 719 3186 supra
742 3091 1071 3182 demonstravimus,
1085 3117 1165 3164 ma·

179 3233 244 3284 nus
275 3225 370 3281 certa
386 3209 509 3299 nulla,
524 3209 826 3307 nonoppidum,
855 3235 927 3283 non
956 3209 1165 3308 praefidium,

180 3329 279 3429 quod
302 3327 455 3402 searmis
482 3325 698 3421 defenderet,
717 3328 911 3444 sedoptnis
927 3330 965 3406 in
982 3329 1085 3428 panis
1101 3331 1167 3408 dis·

180 3451 275 3548 persa
301 3449 512 3524 multitudo..v
554 3448 631 3523 Ubi
654 3449 782 3548 cuique
815 3469 874 3524 aut
896 3449 1006 3525 uallis
1031 3452 1164 3546 abdita,

180 3589 241 3644 aut¹
255 3571 355 3646 locus
372 3569 541 3661 filvestris,
559 3590 618 3646 aut
640 3573 750 3670 palus.
765 3571 921 3670 inpedita
947 3572 1043 3672 spem
1076 3598 1163 3672 prae-

179 3690 253 3766 srdii
285 3711 343 3768 aut
376 3689 492 3766 salutis
533 3691 688 3792 aliquam
720 3690 913 3784 obferebat,
954 3693 1163 3770 consederat.
