2932 4750
244 382 290 476 4ss
512 382 554 452 C.
582 381 715 474 Jocu
743 379 950 454 CAEsnnrs
1045 423 1052 436 ι
1138 343 1140 351 i

152 591 158 600 ·
240 551 329 630 lium
346 551 518 627 committi
535 576 579 626 ex
598 549 659 626 usu
675 548 771 641 effet,
790 557 854 628 nec
870 577 932 625 nc:
958 577 1012 626 eas
1028 550 1076 624 ita
1091 551 1224 640 dicere,
1327 579 1329 584 ·

241 681 268 716 “
287 674 325 746 N
326 697 371 746 on
395 669 461 746 elle
477 668 527 746 fas
544 674 738 747 Germanos
754 671 922 770 superare,
953 674 976 744 sr
1000 691 1078 744 ante
1095 695 1225 746 novam

241 799 269 836 “
287 795 429 866 Lunam
447 793 574 890 proelio
591 792 881 868 contendillent.’'

287 914 352 988 LI.
377 913 541 988 Postridie
563 911 634 1015 ejus
661 913 730 988 diei
756 912 869 988 Caesar
891 912 1049 1012 praefidio
1075 913 1226 1011 utrisque

240 1032 369 1124 castris,
388 1034 486 1131 quod
507 1029 583 1107 satis
600 1036 667 1108 effe
690 1030 802 1108 vlsum
820 1033 881 1125 est,
916 1032 1080 1130 reliquit:
1111 1033 1226 1107 omnis

240 1152 361 1228 alarios
377 1151 413 1226 in
432 1152 618 1253 conspectu
645 1152 795 1229 hostium
813 1179 878 1252 pro
894 1153 1006 1229 castris
1033 1151 1228 1228 minoribus

240 1273 443 1364 constituit3
479 1274 713 1374 quodminus
741 1274 968 1350 multitudine
997 1273 1149 1348 militum
1178 1273 1226 1346 le·

240 1393 494 1494 gionariorum,
523 1422 585 1494 pro
602 1396 754 1470 hostium
772 1421 931 1486 numero,
950 1397 1102 1485 valebat,
1128 1413 1167 1467 ut
1183 1394 1228 1468 ad

239 1513 390 1616 speciem
418 1515 526 1590 alariis
558 1534 720 1590 uteretur.
787 1513 877 1612 lpse,
909 1513 1037 1612 triplici
1065 1513 1230 1588 instrusta

240 1635 328 1728 acie,
354 1634 461 1733 usque
483 1636 529 1710 ad
550 1635 660 1710 castra
679 1635 827 1710 hostium
849 1637 995 1709 accessit.
1044 1635 1144 1708 Turn
1164 1633 1237 1708 de·‘

240 1780 340 1832 mum
358 1754 542 1829 necellario
557 1754 726 1830 Germani
749 1754 824 1830 suas
848 1754 965 1853 copias
981 1753 1098 1830 castris
1116 1755 1228 1830 edux-

240 1895 357 1984 erunt,
404 1875 665 1978 generatimque
707 1875 973 1967 constituerunt,
1022 1874 1230 1974 paribusque

240 1996 444 2094 intervallis,
478 1999 656 2088 Harudes,
702 1999 967 2092 Marcomanos,
1017 1995 1226 2086 Triboccos,

237 2103 455 2218 Vangiones,
475 2120 656 2209 Nemetes,
685 2119 855 2209 Sedusros,
884 2120 1039 2193 Suevos:
1067 2140 1228 2190 ornnem·

241 2264 311 2336 que
326 2238 438 2313 aciem
461 2236 557 2332 suam
585 2239 701 2316 rhedis
724 2241 758 2314 a
781 2241 885 2316 carris
901 2238 1228 2331 circumdederunt3

241 2381 285 2429 ne
314 2381 385 2454 qua
412 2355 544 2453 spesin
566 2356 651 2456 fuga
677 2359 936 2455 relinqueretur.
987 2362 1042 2434 Eo
1070 2358 1230 2432 mulieres

240 2475 474 2580 inposuerunt,
501 2503 579 2575 quae
596 2476 633 2552 in
651 2477 816 2574 proelium
835 2475 1087 2574 proficiscentes
1101 2477 1230 2556 milites

241 2598 340 2693 paffis
363 2595 515 2674 crinibus
538 2599 659 2674 flentes
679 2597 914 2694 inplorabant,
939 2621 983 2670 ne
1008 2595 1042 2670 se
1067 2593 1104 2670 in
1125 2595 1229 2670 servi-

240 2735 351 2790 tutem
366 2716 538 2792 Romanis
555 2717 740 2793 traderent.

288 2835 369 2908 LII.
395 2832 508 2910 Caesar
525 2836 666 2936 fingulis
691 2836 887 2938 legionibus
910 2839 1061 2937 singulos
1079 2840 1228 2938 legatos,

243 2959 277 3029 ἃ
295 2955 501 3053 quaestorem
519 2955 698 3055 praefecit3
728 2956 779 3033 uti
798 2982 858 3032 cos
873 2958 967 3035 testis
991 2957 1059 3035 suae
1084 2959 1230 3060 quisque

158 3129 162 3136 -
243 3075 378 3152 virtutis
404 3077 555 3151 haberet.
604 3077 723 3176 Ipseaa
738 3080 861 3156 dextro
878 3083 1002 3170 cornu,
1027 3081 1124 3180 quod
1151 3099 1230 3156 eam

242 3195 375 3294 partem
393 3196 537 3272 minime
560 3199 697 3274 firmam
724 3198 875 3279 hostium
892 3197 959 3275 effe
985 3199 1142 3277 animum
1165 3203 1228 3276 ad·

242 3337 404 3409 verterat,
435 3318 601 3416 proelium
615 3320 801 3396 commifit.
850 3322 903 3394 Ita
924 3319 1026 3422 nostri
1050 3322 1174 3396 acriter
1192 3321 1228 3395 in

203 3455 205 3466 ·
241 3436 370 3527 hostes,
406 3440 502 3538 signo
536 3440 633 3530 dato,
666 3440 827 3539 inpetum
868 3439 1031 3515 fecerunt.
1106 3442 1228 3539 Itaque

242 3556 357 3630 hostes
376 3579 515 3656 repente
532 3559 757 3658 celeriterque
783 3581 1051 3658 procurrerunt3
1081 3579 1120 3634 ut
1151 3558 1227 3658 sp'a-

208 3779 214 3790 .
245 3676 332 3755 tium
351 3675 420 3775 pila
444 3677 481 3752 in
497 3680 608 3758 hostes
637 3677 842 3778 conjiciendi
861 3706 933 3756 non
954 3683 1103 3758 daretur.
1153 3684 1226 3757 Re·
