2866 4754
162 426 165 476 ;
212 400 283 468 124
428 443 430 448 .
475 370 924 470 eminentius

99 557 111 570 ·
209 563 338 644 genere
346 561 605 634 tormentorum
619 539 1205 645 permoti„barbati,constiterunr3

208 690 251 742 ac
268 665 427 764 paullum
447 667 557 742 modo
574 667 917 766 pedemretulerunt.
978 669 1101 765 Atque
1120 664 1205 740 nos·
1232 759 1233 762 Ἴ

210 786 271 862 tris
291 785 738 880 militibus'cunetantibus,
755 786 913 864 maxime
928 797 1070 885 propter
1083 785 1228 860 'altitu-⁸
1294 802 1295 811 ’

208 906 331 984 dinem
348 908 475 995 maris3
502 909 564 1009 qui
581 936 606 984 x
617 909 765 1010 legionis
782 909 936 1010 aquilam
953 907 1101 999 ferebat,
1115 918 1206 1015 con·
1245 907 1246 914 ’

211 1027 351 1104 testatus
369 1030 467 1120 deos,
492 1049 532 1103 ut
555 1057 606 1128 ear
620 1056 673 1106 res
695 1030 828 1131 legioni
849 1028 997 1105 feliciter
1022 1011 1230 1104 evenirett‘

214 1156 242 1193 “
261 1149 445 1241 Defilitc,'’
481 1149 667 1250 inquits‘s
693 1151 968 1243 commilitones,
1003 1149 1074 1246 nist¹
1098 1149 1210 1229 vultis
1243 1135 1247 1148 ¹
1296 1135 1300 1144 ⁴

214 1271 426 1370 “aquilam
456 1271 613 1346 hostibus
650 1274 809 1370 prodere.
862 1275 945 1373 Ego
970 1285 1064 1349 certe'
1081 1255 1210 1360 tiieu'rit
1246 1260 1249 1271 ὦ
1301 1267 1304 1277 ’

215 1397 244 1436 “
262 1392 418 1491 Reipub.
442 1412 548 1493 atque
572 1395 776 1492 Imperatori
800 1395 958 1470 officium
980 1393 1210 1492 praestirero.''

213 1515 301 1598 Hoc
319 1540 431 1613 quum
448 1539 576 1613 magna
597 1540 688 1590 voce
700 1514 854 1606 dixisset,
881 1539 930 1606 ex?
942 1515 1028 1589 navi
1040 1513 1075 1588 se
1091 1518 1211 1614 proje-

64 1651 66 1659 ‘
184 1677 185 1680 ¹
215 1635 277 1727 cit,
302 1655 408 1734 atque
430 1635 468 1709 in
495 1636 609 1710 hostes
636 1634 907 1735 aquilamsetre
933 1634 1053 1734 coepit.
1103 1621 1230 1712 Tum'

213 1754 321 1832 nostri
337 1757 509 1832 cohortati
525 1757 615 1834 inter
630 1755 677 1848 se,
695 1783 740 1832 ne
751 1777 894 1844 ⁸tantum
907 1754 1060 1830 dedecus
1072 1755 1206 1830 admit·
1306 1832 1308 1840 ,

215 1895 359 1969 teretur,
381 1879 527 1990 univerfi
545 1905 591 1954 ex
606 1879 689 1953 navi
712 1879 947 1954 defiluemnt:
975 1878 1039 1951 hos
1051 1875 1140 1952 'item
1159 1903 1210 1952 ex
1229 1867 1231 1878 ’

216 1997 390 2099 proximis
406 2000 526 2098 primis
543 2000 690 2077 navibus
706 2026 818 2099 quum
835 1997 1100 2098 conspexissent,
1124 1995 1210 2102 sub·
1247 2089 1258 2098 ω

216 2117 338 2211 secuti,
356 2121 516 2196 hostibus
532 2122 872 2221 adpropinquarunt.
949 2222 953 2228 .
1117 2103 1120 2108 ⁵

266 2242 411 2314 xxvi.
420 2243 741 2340 Pugnatumestab
752 2242 909 2340 utrisque
920 2241 1055 2317 acriter.
1083 2237 1210 2314 Nostri

217 2340 349 2450 tamen,
380 2362 478 2457 quod
495 2387 610 2460 neque
630 2361 771 2436 ordines
794 2362 940 2451 servare,
964 2367 1081 2459 neque
1097 2351 1210 2436 sirmi·

217 2465 269 2555 ter
284 2477 447 2572 insistere,
465 2506 580 2581 neque
604 2485 701 2581 figna
726 2480 887 2578 subsequi
910 2497 1084 2579 poterant,
1101 2501 1213 2580 atque

217 2595 306 2676 alius
322 2601 389 2676 alia
404 2626 449 2676 cx
465 2600 558 2692 navi,
577 2601 858 2700 quibuscumque
875 2600 978 2698 fignis
994 2607 1209 2691 occurrerat,

217 2721 251 2796 se
267 2723 496 2820 adgregaba't,
513 2725 646 2820 magno
663 2745 768 2820 opere
779 2722 1080 2819 perturbabantur.
1111 2723 1210 2798 Hos·

216 2861 269 2918 tes
283 2841 490 2934 ver0,‘·notis
506 2842 669 2918 omnibus
691 2841 804 2934 vadis,
821 2840 883 2917 ubi
901 2867 946 2918 ex
959 2842 1058 2917 litore
1073 2844 1211 2943 aliquos

92 2987 97 2999 ¹
218 2965 418 3064 singulares,
441 2989 487 3038 ex
506 2963 588 3040 navi
611 2955 850 3064 egredientes,
868 2954 1135 3064 conspexerant,
1153 2965 1209 3041 in·

218 3084 328 3171 citatis
356 3085 468 3186 equis,
489 3084 664 3184 inpeditos
687 3085 964 3160 adoriebantur:
992 3087 1106 3184 plures
1123 3108 1224 3187 pau·

219 3233 280 3282 cos
293 3207 615 3296 circumsistebant}
642 3207 700 3282 atii
723 3211 769 3282 ab
794 3209 899 3282 latere
922 3227 1047 3305 aperto
1070 3207 1106 3280 in
1130 3209 1208 3282 uni·
1256 3209 1260 3311 ‘v

219 3329 334 3404 versos
365 3331 435 3404 tela
466 3326 709 3428 conjiciebant.
770 3321 880 3428 thd
909 3310 1022 3427 quurii
1048 3318 1240 3404 animum

219 3449 417 3526 advertisset
432 3450 558 3541 Caesar,
580 3449 722 3548 scaphas
738 3449 923 3548 longarum
941 3433 1100 3540 riavium,
1125 3448 1211 3524 item
1244 3534 1246 3546 Ι

219 3562 442 3667 speculatoria
467 3569 606 3672 navigia
633 3568 802 3646 militibus
825 3551 996 3668 compleri
1012 3568 1130 3670 jussit:
1158 3573 1209 3659 dc,
1302 3651 1320 3660 „

125 3675 127 3686 ¹
221 3713 309 3788 quos
334 3691 526 3766 laborantes
543 3687 782 3790 conspexerat,
806 3691 847 3766 iis
861 3683 1013 3768 subfidia‘
1028 3687 1208 3766 submitte·
