2866 4754
400 437 450 490 οε
475 415 605 518 Boreo
628 415 814 492 Grrrrco
839 415 931 494 Lm.
949 417 994 492 V.
1119 434 1188 522 ι157

219 583 248 623 “
262 573 368 654 erint:
394 607 431 656 re
446 581 672 658 fmmentaria
687 609 760 664 non
781 581 918 682 premi:
948 581 1079 658 interea
1094 585 1129 658 δι
1146 605 1193 658 ex

219 703 247 750 “
263 701 434 797 proximis
448 702 613 795 hibernis,
640 701 860 778 &aCaesare
885 723 1097 778 conventura
1110 701 1191 780 sub·

215 824 242 862 “
259 820 343 894 fidia
356 824 393 896 :'’
418 824 587 921 postremo
606 831 635 867 “
655 824 741 924 quid
756 825 823 898 effe
838 823 948 898 levius
964 844 1024 898 aut
1040 823 1187 923 turpius,

214 944 242 984 “
259 951 367 1038 quam
384 945 524 1019 auctore
539 943 638 1020 hoste
650 946 696 1018 de
708 942 849 1018 summis
860 947 960 1019 rebus
972 969 1094 1042 capere
1105 969 1188 1057 con.

210 1065 242 1104 “
260 1061 371 1138 silium
385 1064 425 1136 ?'’

257 1182 403 1255 xxi-x.
428 1173 560 1256 Contra
570 1207 610 1258 ea
621 1181 790 1274 Titurium
807 1189 835 1226 “
852 1181 1103 1258 scrofaouroo
1118 1185 1189 1260 cla·

211 1298 373 1390 mirabat,
393 1307 421 1346 “
440 1326 552 1398 quum
563 1300 710 1402 majores
725 1302 874 1378 hostium
891 1327 1027 1392 manus,
1047 1301 1188 1400 adjunc-

213 1426 241 1462 “
259 1419 520 1513 tis⁴Germanis,
546 1421 892 1508 convenissenmut
919 1447 1031 1520 quum
1059 1421 1190 1522 aliquid

213 1544 243 1581 “
261 1539 461 1616 calamitatis
476 1541 512 1614 in
527 1542 699 1640 proximis
715 1543 867 1618 hibernis
894 1545 979 1618 effer
993 1561 1188 1642 acceptum.

212 1664 240 1701 “
256 1660 404 1734 Brevem
420 1659 618 1738 consulendi
642 1665 710 1738 effe
737 1667 967 1739 occationem.
1017 1661 1187 1742 Caesarem

211 1784 239 1822 “
254 1779 406 1854 arbitrari
420 1780 617 1879 profeerum
628 1783 666 1856 in
675 1783 810 1860 Italiam
824 1810 833 1857 ε
860 1809 974 1882 neque
991 1785 1089 1860 aliter
1099 1785 1185 1862 Car-

211 1905 238 1963 ‘,‘
256 1919 355 1974 nutes
372 1899 604 1980 interficiundi
620 1901 774 2000 Tasgetii
789 1900 970 1977 confilium
987 1901 1183 2001 fuiffeoop·

211 2003 239 2067 i‘
255 2037 366 2111 turos,
392 2044 509 2118 neque
527 2022 724 2111 Eburonem
737 2025 759 2095 sr
770 2021 827 2094 ille
839 2021 1088 2110 adeffeetmta
1104 2045 1186 2096 cum

174 2121 177 2128 ¹
209 2144 238 2190 “
255 2140 491 2215 contemtione
505 2140 611 2214 nostri
628 2142 672 2214 ad
684 2141 789 2214 castra
804 2159 965 2214 venturos
982 2141 1061 2214 effe.
1101 2141 1188 2216 Non

209 2263 237 2300 ‘⁸
257 2257 392 2331 hostem
402 2260 593 2352 auetorem,
605 2258 662 2334 sed
672 2285 758 2351 rem,
766 2258 934 2358 speflare:
948 2257 1079 2334 subesse
1089 2261 1186 2339 Rhe-

210 2383 239 2422 “
256 2403 344 2453 num
357 2405 367 2451 z
378 2403 512 2476 magno
521 2378 587 2454 effe
597 2379 779 2454 Germanis
789 2377 901 2454 dolori
914 2378 1079 2456 Ariovisti
1090 2405 1184 2456 mor-

209 2503 237 2570 ‘.‘
253 2516 341 2588 tem,
367 2489 603 2597 &superiores
618 2500 938 2576 nostrasvistorias:
964 2502 1084 2576 ardere
1098 2503 1184 2576 Gal-

208 2622 236 2688 ‘.‘
253 2616 350 2708 liam,
381 2637 433 2692 tot
449 2620 669 2695 contumeliis
691 2619 842 2719 acceptis
868 2619 942 2720 sub[
959 2620 1080 2719 populi
1107 2624 1183 2698 Ro·

210 2744 237 2794 9‘
253 2738 347 2832 moni
371 2738 559 2838 imperium
582 2742 772 2833 redastam
794 2739 969 2840 superiore
998 2741 1109 2842 gloria
1133 2741 1183 2817 rei

208 2857 411 2934 “militaris
427 2859 628 2934 exstinsta.’'
676 2861 871 2954 Postremo,
901 2869 928 2906 “
948 2863 1109 2961 quishoc
1122 2861 1184 2939 fibi

206 2985 234 3025 “
253 2977 479 3076 persuaderet,
500 2983 570 3052 fine
596 2999 689 3054 certa
716 3005 753 3054 re
770 2981 1018 3080 Ambiorigem
1034 2981 1080 3056 ad
1096 2978 1183 3078 ejus·

206 3104 234 3142 “
251 3097 351 3172 modi
367 3098 547 3172 confilium
558 3097 794 3174 descendiffe?
820 3099 916 3174 suam
931 3098 1184 3178 sententiamin

113 3291 115 3298 ,
206 3223 234 3290 ‘,‘
251 3215 437 3316 utramque
462 3237 609 3314 partem
624 3218 691 3291 effe
706 3237 841 3292 tumme
868 3222 892 3296 sr
915 3218 964 3292 nil
980 3223 1020 3292 fit
1036 3215 1155 3294 durius
1169 3247 1181 3304 ς

207 3343 236 3420 ξ’
254 3337 353 3412 nullo
365 3335 533 3435 periculo
558 3337 602 3410 od
627 3335 825 3434 proximam
842 3336 1017 3436 legionem
1035 3361 1182 3435 perven-

81 3491 86 3502 ·
208 3463 235 3540 5‘
254 3477 371 3532 turos:
394 3460 422 3531 fi
438 3456 681 3531 Galliromnis
691 3481 774 3532 cum
787 3456 969 3532 Germanis
977 3454 1179 3552 consentiat,

207 3584 235 3620 “
252 3577 441 3652 unameffe
456 3577 493 3650 in
509 3577 683 3654 celeritate
697 3580 841 3676 pofitam
865 3577 1019 3656 salutem.
1068 3579 1181 3656 Cottre

207 3703 235 3767 ‘.‘
253 3695 410 3796 quidem,
435 3717 542 3797 atque
567 3723 702 3791 eorum,
730 3698 792 3798 qui
817 3697 1044 3798 diiseorirent,
1069 3704 1178 3778 consr-
