2850 4752
176 403 337 478 432„
529 380 620 494 ⁸tl.
655 377 855 453 Htttttt

216 554 315 628 Cum
330 551 446 628 libetis
470 551 586 628 omnis
602 551 794 628 multitudo
810 548 955 628 obviam
981 547 1220 649 procedebat}

217 671 339 748 hostia
355 675 524 750 otnnibus
546 673 632 749 locis
654 672 936 757 inmolabantur3
962 668 1122 746 tricliniis
1137 668 1222 744 stra-

217 789 262 866 tis
279 789 357 868 fora
373 796 577 893 templaque
602 795 879 892 occupabantur,
897 810 939 866 ut
956 792 1015 865 vel
1043 789 1222 888 exspeeta-

218 911 341 990 tisfimi
368 914 538 1012 triumphi
573 912 692 988 laetitia
719 911 865 1012 praecipi
900 912 1023 1010 pollet.
1068 1001 1071 1006 Α
1105 913 1222 986 Tanta

220 1054 294 1108 erat
329 1033 594 1134 magnificentia
617 1034 721 1132 ¹apud
754 1031 1007 1130 opulentiores,
1047 1031 1223 1130 cupiditas

178 1159 182 1164 “
219 1153 315 1253 apud
338 1153 557 1231 humiliores.

248 1303 250 1312 a
270 1276 355 1350 LII.
380 1279 506 1374 Qum
523 1274 819 1374 omnessregiones
836 1270 962 1347 Gallia·
976 1270 1131 1370 Togata
1144 1271 1221 1346 Cae·

218 1393 271 1469 sar
281 1394 567 1494 -percucurriffet,
589 1395 725 1471 summa
742 1421 824 1469 cum
846 1392 1020 1468 celeritate
1030 1391 1077 1466 ad
1090 1390 1223 1466 exerci-

72 1565 75 1577 ·
221 1533 302 1590 tum
318 1518 626 1592 Nemetocennam
644 1514 768 1602 rediit3
795 1511 1064 1613 legionibusque
1080 1533 1128 1584 ex
1144 1535 1220 1620 otn-

149 1647 151 1656 ’
200 1634 324 1708 ¹'nibus
351 1635 506 1717 hibernis
532 1636 578 1708 ad
608 1637 696 1709 fines
721 1633 953 1709 Trevirorum
982 1630 1152 1724 evocatis,
1182 1657 1225 1706 eo

161 1804 164 1812 ·
221 1750 399 1856 profectus
418 1753 485 1845 est,
504 1753 627 1854 ibique
648 1752 844 1854 exercitum
861 1753 1029 1830 lustravit.
1077 1754 1126 1827 T.
1141 1752 1224 1828 La-

220 1871 368 1950 bienum
380 1871 507 1964 Galllae
516 1876 669 1975 Togata·
681 1875 851 1976 prefecit,
875 1899 948 1973 quo
968 1871 1102 1973 majore
1123 1895 1224 1948 com·

221 1993 449 2072 theodotione
464 1995 710 2072 conciliaretur
730 1999 776 2074 ad
794 1995 990 2090 consulatus
1006 1993 1225 2095 petitionem.

220 2113 454 2213 lpse-tantum
468 2111 636 2192 itinerum
658 2116 822 2209 faciebat,
854 2136 1029 2215 quantum
1055 2113 1132 2190 satis
1158 2115 1226 2190 effe

220 2235 270 2308 ad
286 2235 520 2312 mutationem
549 2238 712 2312 locorum
739 2256 881 2335 propter
902 2235 1139 2342 salubritatem
1162 2259 1224 2309 ex·

221 2353 408 2432 istimabat‘.
459 2357 515 2432 Ibi
544 2383 764 2456 quamquam
792 2359 915 2434 crebro
940 2356 1122 2449 audiebat,
1152 2358 1223 2431 La·

220 2459 370 2562 bienurn
397 2477 444 2550 ab
460 2475 612 2552 inimicis
633 2477 699 2552 suis
716 2477 911 2564 'sollicitari3
936 2477 1136 2577 certiorque
1160 2479 1220 2552 fie-

215 2596 298 2687 bat,
313 2597 351 2672 id
367 2597 427 2696 agi
442 2623 637 2696 paucorum
658 2598 823 2688 confiliis,
843 2618 894 2689 ut,
913 2597 1113 2696 interpofita
1129 2597 1222 2673 sena·
1247 2629 1251 2642 ·

220 2733 277 2789 tus
300 2716 524 2806 auctoritate,
544 2716 663 2814 aliqua
683 2737 782 2824 parte
806 2721 979 2796 exercitus
1000 2718 1221 2819 spoliaretur3

161 2899 165 2906 .
221 2850 343 2917 tamen
360 2858 477 2934 neque
493 2836 538 2910 de
559 2835 722 2913 Labieno
738 2838 894 2914 credidit
919 2837 1131 2938 quidquam,
1160 2862 1221 2912 ne·

221 2976 294 3054 que
319 2971 441 3046 contra
464 2953 600 3031 senatus
626 2957 884 3050 auctoritatem,
911 2977 951 3034 ut
968 2959 1103 3058 aliquid
1130 2957 1223 3046 face·

197 3091 292 3168 'ret,
320 3073 439 3175 potuit
466 3075 607 3152 adduci.
658 3078 847 3176 Judicabat
868 3079 979 3173 enim,
1010 3065 1126 3154 liberis
1149 3078 1223 3154 sen·

222 3196 340 3274 tentiis
356 3216 497 3297 patrum
521 3195 797 3297 conscriptorum
826 3202 981 3274 cauffam'
1000 3199 1097 3273 fuam
1122 3196 1224 3272 facile

118 3306 138 3342 ”
221 3318 386 3402 obtineri.
433 3320 536 3398 'Nam
553 3319 596 3396 C.
613 3319 738 3412 Curio,
756 3319 937 3396 Tribunus
954 3319 1081 3417 plebis,
1108 3343 1222 3418 quum

111 3529 114 3542 Ι
222 3436 364 3512 Cesaris
393 3441 550 3536 cauffam⁴
568 3438 851 3540 dignitatemque
870 3440 1132 3516 defendendam
1155 3437 1240 3512 sus·¹

221 3555 381 3652 cepiffet,
397 3558 487 3657 saepe
504 3579 575 3634 erat
591 3557 723 3662 senatui
739 3560 933 3660 pollicitus,
949 3565 972 3636 fi
990 3587 1099 3662 quem
1116 3555 1222 3635 timor
1362 3540 1368 3560 ¹

216 3699 407 3761 ,armorum
434 3676 578 3755 Calatis
605 3681 761 3774 laederet,
797 3686 832 3758 δι
858 3681 1029 3782 quoniam
1058 3678 1222 3780 Pompeji
