2814 4754
374 423 426 476 nr.
449 373 578 476 llutuo.
594 399 768 475 Garsrco
791 399 886 477 Lis.
902 399 949 474 V.
1099 403 1166 500 ¹⁶9

170 569 385 670 deprehensa
410 571 446 650 in
475 560 662 671 conspeelu
687 571 882 646 nostrorum
902 567 1059 648 militum
1084 591 1169 642 eum

137 751 138 754 ,
170 692 330 767 cruciatu
347 697 546 770 necabatur.
597 697 682 769 Erat
697 719 789 768 unus
806 693 900 768 intus
914 690 1082 792 Nervius,
1100 712 1166 762 no·

109 843 111 848 ·
168 813 272 910 mine
288 815 444 906 Vertico',
461 818 541 892 loco
556 825 658 892 uatus
674 813 833 905 honesto,
856 813 918 912 qui
935 839 956 888 a
971 811 1085 914 prima
1100 811 1166 886 ob·

169 937 309 1010 lidion'e
329 939 375 1012 ad
399 937 607 1013 Ciceronem
632 936 846 1034 perfugerat,
874 933 1040 1032 suamque
1064 930 1098 1008 ei
1124 932 1167 1006 fi·

168 1057 262 1132 dem
283 1058 494 1157 praestiterar.
544 1057 619 1133 Hic
641 1056 755 1146 servo,
785 1053 844 1152 spe
866 1051 1167 1151 libertatis‚'1rrag·

170 1176 300 1277 nisque
328 1175 509 1276 persuadet
533 1177 699 1275 praemiis',
724 1196 764 1250 ut
783 1175 912 1248 litteras
932 1175 978 1248 a'd
998 1172 1192 1250 Caesarem·

169 1297 326 1372 deferar.
392 1300 471 1370 Has
497 1296 556 1370 ille
582 1297 619 1371 in
640 1295 760 1396 jaculo
789 1294 952 1394 inligatas
977 1293 1097 1380 effert3
1132 1297 1171 1370 δι’

173 1419 306 1492 Gallus
322 1416 410 1492 inter
426 1419 545 1492 Gallos
560 1422 631 1493 fine
648 1419 718 1492 ulla
733 1415 926 1514 suspicione
942 1412 1107 1503 versatus,
1125 1412 1172 1488 ad

175 1537 351 1614 Caesarem
369 1538 539 1635 pervenit.
590 1541 652 1614 Ab
668 1537 715 1614 eo'
734 1541 780 1614 de
797 1535 958 1637 periculis
976 1533 1170 1627 Ciceronis,

176 1658 654 1760 legionisquecognoscitur.
1082 1663 1086 1672 “

229 1784 365 1857 XLVl.
391 1781 519 1873 Caesar,
540 1780 690 1878 acceptis
713 1780 834 1856 litteris
854 1782 940 1856 hora
966 1777 1102 1856 circiter
1124 1803 1169 1854 xr

177 1901 264 1994 diei,
283 1901 398 1976 statim
415 1902 585 1978 nuncium
602 1902 640 1974 in
655 1902 859 1975 Bellovacos
874 1903 920 1974 ad
936 1904 993 1974 M.
1010 1901 1171 1974 Craffum

180 2021 403 2123 quaestoremv
427 2021 549 2113 mittit,
579 2019 677 2120 cujus
704 2023 851 2096 hiberna
880 2023 1023 2095 aberant
1055 2020 1173 2094 abeo

179 2143 278 2219 milia
295 2145 457 2240 pulsuum
473 2167 563 2216 xxv.
613 2144 720 2237 Jubet
736 2141 854 2216 media
874 2142 977 2216 nolle
988 2140 1174 2238 legionem

182 2261 371 2364 proficisci,
391 2245 624 2360 ⁴celeriterque
650 2260 750 2336 adse
783 2261 912 2337 venire.
962 2260 1069 2336 Exiit
1088 2267 1184 2376 cum!

181 2383 314 2459 nuncio
331 2384 479 2458 Crassus.
503 2415 505 2425 ·
529 2384 693 2458 Alterum
708 2384 753 2458 ad
770 2384 813 2458 C.
839 2382 989 2459 Fabium
1013 2384 1172 2484 legatum

181 2505 303 2596 mittit,
322 2525 361 2580 ut
383 2504 420 2579 in
444 2504 668 2582 Atrebatium
691 2507 778 2580 fines
799 2504 978 2604 legionem
1002 2505 1171 2596 adducat,

183 2653 254 2730 qua
270 2627 330 2702 fibi
346 2626 416 2702 iter
436 2625 640 2706 faciundum
660 2624 798 2727 sciebat.
847 2626 970 2702 Scribit
996 2625 1172 2718 Labieno,

184 2751 207 2823 fi
224 2748 444 2847 Reipublicae
459 2746 779 2827 ‘commodosfacere
796 2748 918 2846 pollet,
933 2773 1017 2848 cum
1033 2747 1173 2848 legione

182 2869 228 2944 ad
243 2871 330 2944 fines
354 2867 573 2943 Nerviorum
589 2869 731 2964 veniat:
758 2869 931 2968 reliquam
954 2889 1090 2969 partem
1107 2895 1170 2944 ex·
1258 2935 1266 2950 .

184 2988 322 3078 ercitus,
340 2989 437 3087 quod
454 2989 572 3085 paullo
588 2989 705 3062 aberat
723 2989 875 3086 longius,
903 3013 976 3063 non
993 3006 1093 3086 putat
1109 3013 1172 3062 ex·

184 3094 432 3208 spectandam:
459 3107 591 3206 equites
615 3105 752 3182 circiter
775 3133 826 3185 ert
853 3132 898 3182 cx
924 3106 1095 3206 proximis
1118 3105 1173 3180 hi-

185 3227 303 3308 bernis
322 3228 430 3328 cogit.
1167 3247 1169 3252 ’
1202 3210 1204 3221 ’

230 3349 390 3425 XLVII.
417 3349 520 3424 Hora
543 3339 680 3422 circiter
699 3373 752 3420 111
775 3349 821 3422 ab
842 3343 1114 3422 antecursoribus
1129 3347 1175 3421 de

187 3471 293 3546 Craffi
311 3471 466 3546 adventu
483 3467 609 3544 certior
625 3465 749 3568 fabius,
769 3495 812 3544 eo
827 3469 885 3544 die
902 3466 998 3542 milia
1015 3469 1173 3568 pulsuum

189 3616 239 3666 xx
268 3581 501 3692 progreditur.
550 3591 708 3664 Cra'ffum
737 3589 987 3666 Samarobriva
1013 3591 1173 3690 praeficit,

190 3710 438 3814 legionemque
463 3711 503 3787 ei·
518 3709 689 3792 adtribuit¹
700 3741 712 3802 ς
740 3712 838 3811 quod
860 3710 908 3790 ibi
934 3710 1174 3812 inpedimenta
1232 3743 1234 3748 ·
