2932 4750
239 433 298 485 ao
493 405 537 478 C.
573 405 718 501 Juarr
755 401 987 478 Cras‘anrs
1110 407 1113 412 '

245 601 352 662 mum
369 570 517 678 poterat,
547 581 582 652 lx
599 576 778 654 Helvetiis
796 595 868 654 erat
883 561 1040 654 amicus:
1067 578 1166 676 quod
1190 601 1236 655 ex

249 727 291 776 ea
303 697 440 776 ciuitate
453 699 673 799 Orgetorigis
687 700 794 776 filiam
807 699 843 774 in
861 698 1123 778 matrimonium
1140 702 1233 778 dux*

247 839 345 908 etate
373 825 424 913 lle,
451 820 645 920 cupiditate
668 820 769 920 regni
786 821 973 910 adduelus,
1002 819 1104 896 novis
1132 823 1235 897 rebus

243 939 422 1033 studebat,
453 947 487 1017 ὅτ
505 941 782 1040 quamplurimas
799 940 955 1016 civitates
972 940 1032 1016 suo
1050 942 1111 1020 sabi
1127 945 1246 1020 bene-t

242 1061 329 1142 ficio
356 1064 487 1138 habere
504 1063 682 1139 obstrictas
711 1063 864 1140 volebat}
915 1065 1039 1161 Itaque
1065 1089 1139 1138 rem
1165 1063 1234 1140 sus·

243 1182 333 1282 cipit
345 1213 366 1272 3.
387 1189 421 1259 lt
437 1185 641 1300 aSequanis
658 1185 822 1284 inpetrat,
840 1204 881 1258 ut
902 1187 1066 1284 perfines
1086 1183 1235 1262 luosire
1324 1233 1326 1238 ,

249 1305 440 1380 Heluetios
456 1306 628 1404 pariantur
642 1335 653 1393 3
675 1304 880 1404 obsidesque
896 1305 949 1380 uti
965 1306 1055 1382 inter
1070 1303 1137 1380 sese
1148 1307 1237 1380 dent

168 1417 200 1490 ',
244 1425 408 1524 perficit:
442 1426 609 1526 Sequani,
631 1452 677 1502 ne
703 1426 828 1500 itinere
851 1427 1040 1502 Helvetios
1067 1427 1234 1524 prohibe·

242 1565 328 1634 aat;
346 1547 520 1639 Helvetii,
532 1567 572 1622 ut
584 1550 654 1621 fine
666 1547 839 1624 maleficio
853 1551 889 1621 be
899 1545 1022 1646 injuria
1032 1546 1218 1622 transeant.
1270 1607 1276 1617 .

293 1670 341 1742 X„
367 1667 494 1742 Caesari
511 1666 746 1758 renunciatur,
777 1667 951 1742 Heluetiis
967 1671 1036 1742 elle
1051 1666 1088 1742 in
1114 1667 1234 1742 auimo
1281 1646 1287 1656 i

188 1771 190 1778 ‚
242 1811 305 1885 per
316 1813 441 1888 agrum
456 1791 700 1887 Sequanorum
718 1794 752 1862 δι
765 1787 969 1864 AEduorum
984 1787 1049 1862 iter
1061 1787 1098 1862 in
1110 1791 1233 1862 Santo-

242 1933 333 1984 num
359 1911 446 1983 fines
474 1907 600 2000 facere,
621 1911 684 2007 qui
709 1933 783 1984 nou
813 1910 921 2008 longe
960 1934 981 1982 a
1012 1907 1234 1984 Tolosatium

240 2029 376 2108 finibus
391 2029 538 2118 absunt;
566 2057 645 2130 quae
661 2030 782 2105 ciuitas
794 2031 844 2105 est
861 2031 897 2104 in
914 2028 1111 2128 provincia.
1150 2031 1193 2102 Id
1210 2033 1233 2103 fi

240 2153 354 2244 fieret,
380 2152 606 2252 intellegebat
620 2177 751 2252 magno
767 2178 851 2226 cum
869 2151 1028 2250 periculo
1043 2149 1232 2248 pmvinciae

240 2261 415 2362 summm,
440 2292 481 2345 ut
503 2271 667 2346 homines
694 2271 890 2362 bellicosos,
921 2271 1045 2370 populi
1079 2269 1234 2345 Romani

243 2388 421 2481 inimicos,
452 2389 537 2464 locis
564 2389 761 2488 patentibus
792 2391 1021 2488 maximeque
1042 2389 1233 2466 flumenta

240 2511 301 2586 riis
330 2509 497 2586 finitimos
511 2511 674 2609 haberet,
710 2513 770 2588 Ob
784 2537 843 2586 eas
864 2513 994 2585 caulius
1010 2509 1042 2583 ei
1064 2509 1247 2584 munitior

240 2633 295 2724 ni,
322 2631 588 2732 quam-fecerat,
607 2633 655 2704 T.
671 2631 874 2706 Labienum
892 2634 1051 2730 legatum
1068 2629 1231 2728 praefeeia

212 2805 215 2816 ·
242 2751 319 2853 lpse
335 2753 372 2828 in
392 2751 528 2827 ltaliam
541 2751 683 2852 ¹magnis
700 2751 882 2827 itineribus·
901 2751 1109 2838 comesdin
1128 2749 1233 2825 duas·

243 2889 314 2973 que
338 2873 388 2950 ibi
405 2871 562 2972 legiones
588 2871 795 2961 conscribit;
822 2878 855 2948 a
882 2891 965 2962 tres,
997 2897 1075 2970 quae
1100 2872 1234 2946 circum

176 2985 182 2996 ⁵
235 2992 448 3095 Aquilejam
465 2993 680 3084 hiemabant,
694 3019 740 3068 ex
758 2993 912 3068 hibernis
924 2991 1068 3079 educit3
1096 2999 1145 3084 ὅτ,
1164 3020 1234 3092 qua

243 3098 446 3214 proximum
466 3114 533 3189 iter
560 3114 598 3187 in
622 3114 826 3188 ulteriorem
849 3112 1003 3187 Galliam
1032 3139 1094 3212 per
1121 3115 1234 3211 Alpes
1319 3157 1320 3160 =

241 3257 328 3326 erat,
352 3261 435 3312 cum
464 3235 526 3310 his
539 3235 705 3336 quinque
730 3234 928 3334 legionibus
957 3234 1011 3308 ire
1040 3234 1231 3310 contendit.
1352 3217 1354 3220 ⁵

243 3355 298 3430 lbi
327 3357 535 3449 Ceutrones,
560 3361 594 3430 δι
620 3357 813 3448 Graioceli,
848 3361 882 3430 δι
915 3355 1110 3453 Caturiges,
1145 3353 1231 3430 locis

241 3475 474 3574 superioribus
490 3478 682 3575 occupatis,
700 3477 1030 3552 itinereexercitum
1047 3473 1231 3574 prohibere
1297 3565 1300 3571 A

242 3616 425 3671 conantur.
485 3597 737 3697 Compluribus
769 3598 824 3672 his
861 3597 993 3697 proeliis
1027 3597 1142 3694 pullis,
1185 3596 1232 3670 ab

241 3718 368 3808 Ocelo,
394 3717 491 3815 quod
504 3717 553 3792 est
570 3717 737 3823 citerioris
754 3717 944 3818 provinciae
962 3716 1173 3808 emensum,
1189 3715 1230 3792 in
