2866 4754
207 399 214 413 ,
247 421 293 498 tt
398 369 400 382 Ι
513 384 556 493 Ο
584 397 955 514 Ῑσιιιῦὲεικις

245 587 439 687 plurimum
455 590 602 666 navibus
620 591 726 689 posse.
777 575 960 664 Romanos
970 599 974 616 ¹
985 597 1100 683 neque
1115 581 1239 660 ullam

239 701 443 784 'facultatem
459 713 585 786 habere
601 711 758 800 navium,
784 725 901 807 neque
917 731 1040 782 eorum
1055 705 1238 795 locorum,

245 829 307 904 ubi
334 832 467 904 bellum
496 830 623 930 gesturi
648 820 772 920 erlem,
805 829 909 919 vada,
939 846 1074 926 portus,
1103 823 1240 899 insulas

245 949 403 1024 noviffe:
431 977 470 1025 ac
486 952 593 1051 longe
604 951 707 1025 aliam
724 953 791 1024 effe
809 947 1069 1048 navigationem
1087 943 1128 1019 in
1145 969 1239 1018 con·
1342 965 1344 972 ·

247 1057 341 1145 cluso
359 1071 462 1163 mari,
490 1092 594 1171 atque
617 1067 654 1145 in
682 1069 867 1145 vastissimo
892 1089 996 1168 atque
1019 1063 1242 1165 apertiffimo

245 1192 403 1282 Oceano,
428 1190 689 1300 perspiciebant.
707 1189 797 1271 ,His
810 1187 902 1264 initis
917 1187 1077 1279 consiliis,
1094 1183 1241 1284 oppido
1327 1237 1330 1246 .

246 1311 423 1403 muniunt,
448 1311 623 1387 frumenta
649 1336 695 1385 ex
724 1311 816 1410 agris
840 1310 877 1385 in
905 1309 1038 1408 oppida
1065 1330 1240 1406 compor-

245 1450 345 1505 tant:
373 1457 479 1506 naves
500 1432 537 1506 in
564 1431 761 1522 Venetiam,
786 1431 848 1506 ubi
874 1430 1051 1504 Caesarem'
1074 1427 1246 1527 primum·

246 1543 382 1626 bellum
404 1553 581 1650 gesturum
606 1552 800 1642 constabat,
826 1574 934 1650 quam
955 1549 1126 1647 plurimas
1157 1543 1240 1647 pos-

245 1669 337 1761 sunt,
364 1690 509 1770 cogunt.
558 1671 677 1748 Socios
699 1672 760 1747 fibi
778 1671 825 1745 ad
847 1669 885 1743 id
902 1669 1035 1744 bellum
1051 1665 1240 1761 Ofismios,

246 1791 441 1884 Lexovios,
467 1794 661 1883 Nannetes,
693 1791 920 1881 Ambiliatos,
946 1787 1126 1881 Morinos,
1144 1787 1238 1865 Dia-

171 1921 174 1928 ’
246 1912 385 2005 blintes,
404 1915 590 2013 Menapios
606 1909 813 1989 adsciscunt:
837 1909 969 1986 auxilia
984 1936 1030 1986 ex
1039 1909 1236 2002 Britannia,

129 2122 142 2139 μ
247 2059 326 2132 quae
344 2055 536 2112 contraeas
553 2035 714 2136 regiones
731 2038 839 2134 posita
854 2033 915 2124 est,
941 2034 1121 2108 arcessunt.
1225 2035 1233 2116 ζ

295 2159 343 2230 Χ.
371 2157 479 2232 Erant
507 2145 562 2231 h'ae
581 2155 811 2247 ,difficultates
839 2152 922 2230 belli
946 2151 1105 2253 gerendi,
1143 2141 1237 2252 quos

162 2346 164 2350 .
247 2274 348 2372 supra
358 2276 591 2382 ostendimus.
640 2278 708 2352 Sed
725 2280 838 2352 multa
860 2275 1030 2352 Caesarem
1053 2293 1173 2350 tamen
1189 2273 1238 2347 ad

137 2443 145 2454 x
246 2393 436 2468 idbellurn
453 2395 665 2482 incitabant3
693 2404 722 2440 “
740 2395 873 2494 injuriae
889 2401 1103 2470 retentorum
1131 2392 1238 2492 equi·

248 2521 277 2557 “
294 2534 373 2588 tum
398 2503 662 2606 Romanorum,
690 2497 841 2591 rebellio
860 2513 951 2589 facta
977 2501 1055 2612 post
1079 2513 1238 2587 deditio·

250 2642 278 2680 “
295 2660 393 2726 nem,
430 2635 579 2709 defectio
614 2636 702 2710 datis
735 2633 925 2727 obsidibus,
963 2652 1018 2708 tot
1047 2631 1237 2708 civitatum

248 2762 277 2799 “
295 2753 487 2852 conjuratio
505 2757 541 2829 :''
575 2756 611 2830 in
641 2755 777 2854 primis,
805 2761 833 2830 ‘t
851 2779 910 2846 ne,
934 2756 1001 2829 hac
1025 2773 1120 2853 parte
1142 2779 1234 2854 neg·

248 2882 275 2919 “
293 2877 394 2967 reeta,
418 2875 560 2976 reliquae
578 2875 734 2951 nationes
751 2873 813 2951 fibi
830 2874 925 2950 idern
941 2875 1059 2967 licere,
1084 2875 1234 2978 arbitraf

214 2991 216 2998 ’
250 3004 278 3040 “
297 2997 453 3070 rentur.’'
489 2999 625 3095 ltaque,
644 3019 757 3096 quum
774 2997 1002 3097 intellegeret,
1022 3021 1144 3071 omnes
1160 2995 1237 3073 fere

248 3121 371 3198 Gallos
387 3119 487 3193 novis
501 3121 605 3194 rebus
617 3118 766 3212 studere,
792 3123 826 3196 ὅτ
843 3118 890 3192 ad
906 3119 1039 3193 bellum
1056 3119 1235 3194 mobiliter

248 3229 474 3339 celeriterque
490 3239 645 3332 excitari,
671 3264 793 3316 ornnes
804 3259 923 3316 autem
934 3239 1095 3314 homines
1111 3257 1235 3314 natura

239 3361 400 3440 ¹liber-tati
418 3362 569 3452 studere,
596 3366 630 3436 tr
646 3361 888 3436 conditionem
903 3359 1075 3437 servitutis
1099 3359 1232 3448 odilse;

250 3481 344 3579 prius
361 3483 600 3581 quamplures
623 3481 779 3557 civitates
802 3481 1052 3580 conspirarent,
1078 3477 1231 3578 partien-
1285 3488 1287 3491 ’

248 3602 336 3674 dum
353 3603 428 3693 fibi,
454 3623 507 3677 ac·
522 3601 622 3678 latios
650 3602 930 3712 distribuendum
953 3595 1145 3678 exercitum
1166 3619 1233 3698 pu·

251 3741 349 3796 tavit.
