2814 4754
263 413 339 491 242.
531 387 974 495 C0Jua110asnn1s
1064 452 1078 478 .

274 641 277 646 .
312 569 435 649 XXX.
460 567 543 646 Fuit
554 570 630 646 haec
642 567 751 650 oratio
764 594 839 646 non
850 545 986 670 ingrati
997 568 1132 661 Gallis3
1151 590 1257 650 max·

263 689 347 783 bno,
364 689 461 790 quod
475 688 546 790 ipfe
561 689 681 772 anirno
696 716 769 767 non
779 689 970 782 defecerat,
996 709 1095 774 tanto
1107 712 1260 792 accepto

264 812 508 906 incommodo,
534 798 651 912 neque
675 811 710 894 se
731 812 769 888 in
790 814 973 889 occultum
997 812 1190 906 abdiderat,
1218 817 1259 890 dc

264 931 489 1032 conlpeflurn
519 932 751 1016 multitudinis.
774 932 933 1033 fugerat:
961 932 1108 1034 plusque
1132 934 1258 1012 animo.

128 1152 136 1158 ,
265 1054 451 1168 providere
482 1058 516 1136 dr
546 1052 740 1154 presentiae
768 1054 1043 1145 existimabatur,
1078 1057 1189 1155 quod,
1216 1080 1259 1129 re

117 1199 119 1208 “
236 1245 239 1256 ,
265 1175 415 1280 integra,
445 1175 559 1275 primo
576 1175 837 1258 incendendum
854 1178 1065 1268 Avaricum,
1091 1177 1167 1276 post
1190 1175 1257 1252 de.

263 1297 448 1375 serendum
465 1293 650 1381 censuerat.
699 1287 822 1398 Itaque
845 1318 892 1381 ur·
901 1298 1118 1398 reliquorum
1134 1298 1254 1399 Impe-

265 1441 419 1527 ratorum
452 1445 505 1496 res
537 1417 689 1498 adversae
724 1419 962 1494 auctoritatem
995 1421 1176 1512 minuunt,
1209 1422 1258 1495 lic

265 1539 368 1642 hujus
392 1567 439 1616 ex
456 1539 810 1640 contrario'dignitas,
838 1540 1067 1630 incommodo
1091 1561 1256 1642 accepto,

265 1660 302 1741 in
320 1663 393 1736 dies
410 1665 612 1761 augebatur.
653 1663 765 1740 Simul
782 1662 819 1736 in
835 1662 930 1760 spent
950 1661 1152 1752 veniebant,
1181 1659 1258 1760 ejus

264 1782 522 1876 adfirmatione,
548 1785 595 1862 de
616 1781 759 1884 reliquis
773 1781 1001 1884 adjungendis
1026 1780 1274 1884 civitatibuseh

267 1906 496 2010 primumque
512 1931 557 1984 eo
579 1927 740 2006 tempore
756 1905 850 1984 Galli
867 1905 976 1984 castra
992 1902 1131 1990 munire
1157 1903 1256 1986 insti·

186 2081 189 2088 ,
265 2047 433 2116 inerunt,
451 2023 495 2102 ‘fr
522 2031 567 2108 fic
594 2025 673 2110 funt
696 2028 817 2106 animo
843 2025 1068 2118 consternati,
1094 2024 1262 2112 hominen
1389 2081 1390 2088 κ

265 2149 388 2241 insueti
413 2148 556 2242 laboris,
588 2170 628 2226 ut
641 2149 778 2244 omnia,
804 2177 884 2252 quae
900 2149 1166 2249 imperarentur,
1181 2147 1256 2227 'fibi
1389 2139 1390 2234 J

266 2271 481 2369 patienda&
500 2270 705 2368 perferenda
720 2272 969 2355 existimarent.
1044 2311 1046 2324 ·

210 2413 212 2419 ⁴
315 2391 455 2470 XXXI.
482 2393 563 2466 Neo
587 2392 718 2481 minus,
746 2419 855 2492 quarn
880 2393 931 2472 ost
952 2393 1142 2492 pollicitus,
1167 2392 1257 2500 ller-

266 2509 463 2612 cingetorix
491 2512 609 2588 animo
633 2513 829 2606 laborabat,
861 2533 903 2590 ut
924 2513 1072 2612 reliquas
1100 2511 1256 2592 ciuitates

264 2630 484 2732 adjungeret,
514 2653 620 2732 atque
647 2649 768 2706 earum
790 2633 965 2730 principes
988 2633 1099 2712 donia
1118 2630 1256 2729 pollici·

265 2749 524 2849 rationibusque
540 2751 738 2827 adiiciebat.
790 2748 890 2827 Huic
907 2751 956 2830 rei
972 2748 1118 2837 idoneos
1141 2752 1257 2834 honri·

84 2903 146 2967 r,
267 2897 329 2952 nes
344 2871 547 2972 deligebat:
579 2897 731 2973 quorum
749 2871 897 2973 quisque
918 2893 979 2951 aut
992 2872 1150 2954 oratione
1175 2873 1254 2952 sub·
1388 2919 1389 2946 n

264 2996 361 3086 dola,
385 3014 457 3075 ¹aut
485 2993 638 3072 amicitia
667 2991 837 3071 facillime
869 2993 950 3095 capi
982 2995 1105 3093 pollet,
1165 2994 1253 3094 Qri,

265 3117 422 3197 Avarico
438 3136 658 3218 expugnato,
677 3115 890 3218 refugerant,
907 3116 1093 3198 armandos
1109 3105 1255 3198 vestim·

265 3240 399 3340 dosque
417 3259 538 3327 curati
565 3241 679 3331 fimul,
706 3258 748 3316 ut
762 3237 955 3324 deminutae
971 3236 1084 3337 copiae
1104 3235 1254 3316 redinte-

267 3383 463 3463 grarentur,
482 3359 635 3460 imperat
649 3377 989 3446 certumnumerum
1000 3355 1154 3434 militum
1169 3354 1254 3432 civi·
1373 3380 1376 3388 ’

266 3481 397 3566 tatibus
412 3512 423 3571 ;
452 3507 576 3582 quern,
601 3485 636 3564 lc
660 3499 771 3579 quarn
787 3478 867 3554 ante
882 3479 979 3562 diem
993 3477 1033 3561 in
1056 3476 1165 3554 castra
1190 3473 1255 3552 ad·

266 3601 350 3678 duci
384 3602 493 3694 velit3
532 3598 792 3704 sagittariosque
823 3625 963 3694 omnes,
978 3643 980 3648 ·
997 3617 1151 3699 quorum
1183 3614 1258 3673 erat

267 3745 481 3829 permagnus
509 3721 547 3808 in
562 3721 679 3808 Gallia
694 3737 875 3816 numerus,
906 3718 1083 3826 conquiri,
1109 3721 1144 3802 ὅτ
1160 3717 1207 3798 ad
1223 3715 1257 3794 se
