2912 4750
292 337 365 434 Γ,
463 375 1052 462 ῈΣΚΑῧΜΕΝΤΑ.
1192 400 1250 460 413

262 538 359 610 audio,
378 538 458 600 illum
470 541 529 600 sere
542 539 667 600 omnium
681 539 832 597 Oratorum
846 534 946 594 Latine
959 532 1037 611 loqui
1049 529 1254 618 elegantillinre,
1280 609 1282 614 ,

259 660 317 700 -nec
336 641 366 699 id
385 641 474 700 solum
488 641 638 700 domestica
652 637 862 706 consuetudine,
878 651 909 696 ut
930 633 1040 694 dudum
1053 631 1088 690 de
1100 631 1251 690 Laeliorum

265 745 292 798 δι
305 739 497 823 Domitiorum
511 741 625 800 familiis
638 739 831 809 audiebamus3
851 735 897 796 sed
912 753 1083 814 quamquam
1096 732 1127 792 id
1140 751 1253 810 quoque
1293 795 1296 804 ‚

265 843 350 900 credo
373 842 462 908 fuisse,
479 857 569 902 tamen
593 857 624 900 ut
646 839 710 900 esset
734 838 853 917 perfella
874 835 923 896 illa
941 836 1012 894 bene
1031 833 1165 912 loquendi
1186 833 1255 903 laus,

264 942 361 1000 multis
381 941 493 1018 litteris,
509 949 535 1000 dc
553 941 588 1000 iis
605 940 719 1018 quidem
739 935 892 996 reconditis
913 943 939 994 δι
952 933 1094 1014 exquifitis
1109 935 1147 992 est
1160 931 1253 993 conse·

268 1056 356 1100 cutus.
399 1045 443 1101 Ex
456 1042 594 1100 Cicerone
610 1049 636 1097 in
649 1041 732 1096 Br'utn
746 1061 768 1098 c.
787 1058 886 1096 nxxrr.
965 1065 967 1076 ·

307 1141 362 1198 Sed
389 1161 483 1220 perge,
514 1141 663 1218 Pomponi,
689 1140 724 1198 de
751 1138 869 1205 Caesare,
895 1143 921 1196 δι
948 1137 1031 1199 redde
1058 1157 1120 1213 quae
1146 1135 1254 1194 restant.

267 1242 363 1300 Solum
386 1240 515 1318 quidem,
539 1239 631 1317 inquit
652 1240 711 1309 ille,
735 1245 761 1297 ur
783 1237 1093 1316 quasresundamentum
1116 1234 1255 1312 Oratoris,

272 1347 325 1400 stc.
366 1339 456 1400 Caesar
469 1343 561 1399 aurem
576 1339 711 1399 rationem
724 1339 868 1408 adhibens,
887 1335 1114 1397 consuetudinem
1128 1333 1257 1394 vitiosam

148 1482 151 1491 ‹
249 1503 252 1511 Χ
269 1448 297 1500 dc
310 1458 482 1520 corruptam,
502 1461 570 1519 pura
588 1447 615 1498 δι
631 1441 794 1520 incorrupta
808 1438 1008 1498 consuetudine
1024 1435 1161 1496 emendat.
1201 1435 1258 1492 Ita'-

266 1562 327 1620 ,que
353 1563 440 1620 quum
466 1544 501 1600 ad
527 1542 597 1600 hanc
626 1541 792 1620 elegantiam
816 1541 963 1598 verborum
986 1536 1151 1596 Latinorum
1176 1541 1259 1614 (qum,

270 1642 376 1702 etiamst
389 1639 493 1700 Orator
515 1663 570 1700 non
590 1641 633 1710 su,
654 1644 728 1702 &sis
746 1640 882 1720 ingenuus
902 1637 973 1698 civis
992 1637 1145 1705 Romanus,
1167 1652 1259 1696 tannen
1355 1694 1357 1706 ,

261 1742 418 1802 necessaria
439 1744 488 1813 eli)
513 1732 640 1820 adjungit
660 1741 708 1800 ille
729 1741 850 1812 oratoria
872 1731 1033 1799 ornamen'ra
1052 1737 1184 1797 dicendi:
1209 1751 1267 1796 tum

271 1841 384 1922 videtur
402 1826 540 1918 tamquam
561 1841 666 1899 tabulas
679 1841 748 1898 bene
763 1840 848 1918 pistas
857 1840 1000 1897 'collocare
1013 1838 1043 1895 in
1057 1839 1131 1898 bono
1144 1840 1259 1900 lumine.

271 1941 356 2000 Hanc
379 1961 463 2018 quum
486 1940 584 1999 habeat
609 1942 774 2018 praecipuam
798 1940 908 1998 laudem
930 1938 962 1997 in
981 1937 1186 2010 communibus,
1213 1959 1270 1998 non

271 2041 370 2110 vidr'o,
389 2041 436 2098 cui
459 2041 558 2098 debeat
581 2025 698 2100 eederet
726 2039 896 2118 splendidam
920 2039 1068 2117 quamdam
1093 2038 1261 2118 minimeque

272 2140 466 2200 veteratoriam
482 2140 616 2199 rationem
631 2139 744 2200 dicendi
759 2154 844 2210 tenet,
865 2159 945 2208 voce,
965 2152 1055 2212 motu,
1075 2139 1167 2198 forma
1178 2138 1263 2198 etiam

275 2240 435 2320 magnilica,
450 2246 475 2298 dc
489 2241 619 2320 generosa
634 2241 848 2319 quodammodo.
888 2237 966 2300 Tum
981 2238 1093 2300 Brutus:
1114 2239 1278 2300 Orationes.

275 2325 390 2419 quidem
408 2343 476 2418 ejus,
499 2349 551 2400 otc.
571 2357 655 2419 atque
668 2324 752 2401 etiam
766 2340 992 2400 Commentarios
1008 2340 1142 2418 quosdam
1156 2340 1262 2420 scripsit

211 2495 215 2501 e
264 2461 366 2504 ,rerum
381 2442 499 2512 suarum,
520 2443 600 2502 valde
614 2443 740 2520 quidem,
758 2441 883 2520 inquam,
902 2441 1079 2519 probandosr
1105 2440 1173 2500 nudi
1187 2440 1263 2499 enim

274 2541 347 2610 sunt,
366 2544 446 2611 nesii,
468 2549 493 2601 δι
515 2543 633 2611 venusti,
655 2543 733 2602 omni
753 2557 851 2613 ornatu
874 2541 1008 2601 orationis
1026 2533 1172 2618 'tamquam
1193 2541 1264 2599 veste

273 2619 415 2702 deiratio:
436 2643 481 2701 sed
503 2643 572 2701 dum
592 2643 680 2702 voluit
699 2642 767 2702 alios
788 2644 889 2702 habere
910 2657 1003 2720 parata
1024 2642 1098 2700 unde
1115 2641 1265 2710 sumerent,

275 2745 325 2822 qui
340 2744 440 2802 vellent
454 2742 572 2802 scribere
586 2743 738 2815 historiam,
757 2744 858 2823 ineptis
869 2757 978 2823 gratum
992 2741 1101 2802 fortasse
1113 2741 1194 2811 lecit,
1215 2742 1265 2820 qui

276 2844 375 2901 volunt
394 2841 444 2900 illa
460 2843 619 2914 calamistris
639 2844 766 2913 inurere3
788 2847 866 2904 sanos
884 2846 998 2924 quidem
1019 2845 1145 2906 homines
1164 2864 1180 2901 a
1197 2843 1264 2903 scri-

275 2941 368 3001 bendo
381 2939 528 3010 deterruit,
548 2945 602 2998 dec.
642 2944 686 2999 Ex
700 2943 840 3002 Cicerone
855 2954 881 3000 in
895 2948 978 3003 Bruto
991 2967 1014 3005 c.
1032 2965 1122 3004 cxxv.
1202 2993 1205 3000 .

316 3040 396 3120 Qid
416 3040 589 3099 Oratorum?
618 3061 700 3118 quern
723 3041 788 3100 huie
813 3057 961 3120 antepones
982 3061 1091 3112 eorum,
1120 3042 1168 3120 qui
1196 3043 1269 3102 nihil

270 3141 355 3202 ‚aliud
377 3143 512 3221 egerunt?
533 3141 595 3219 quis
616 3139 759 3200 sententiis
778 3142 957 3200 aut·acutior
972 3158 1020 3202 aut
1039 3142 1184 3202 crebrior?
1204 3142 1267 3220 quis

272 3242 369 3307 uerbis
383 3255 429 3308 aut
443 3241 579 3311 ornatior,
592 3255 640 3300 aut
653 3241 827 3320 elegantior?
847 3245 891 3300 Ex
904 3242 1042 3306 Cicerone
1055 3247 1094 3303 ad
1104 3242 1191 3302 Corn.
1207 3242 1267 3302 Ne-

275 3357 370 3422 potem
383 3345 457 3421 apud
471 3341 634 3402 Suetonium
648 3331 675 3399 in
689 3342 755 3417 Ccrſs
770 3365 794 3410 c.¹
811 3362 861 3402 nv.
923 3344 928 3352 '

317 3445 353 3504 C.
363 3443 452 3519 Julius
463 3441 794 3522 Caesarhistoriograplrus
805 3444 995 3502 Romanorum
1007 3443 1096 3501 nullus
1104 3444 1153 3504 est.
1174 3444 1266 3504 Gom-

278 3542 407 3603 mentarii
426 3541 623 3611 belliGallici,
645 3563 766 3620 quorum
784 3544 818 3602 ad
833 3563 880 3602 voe
895 3543 1017 3602 manavit
1030 3543 1139 3622 opinio,
1161 3561 1268 3605 tantum

279 3644 405 3708 exstant:
434 3663 495 3711 nec,
509 3658 658 3721 'quantum
681 3643 717 3700 ad
739 3643 895 3712 historiam,
924 3643 999 3721 quod
1022 3659 1194 3724 compertum
1218 3646 1268 3706 ha·

280 3744 372 3816 beatu,
393 3742 547 3824 quicquam
564 3743 660 3804 aliud:
682 3763 745 3804 nam
765 3759 919 3806 ceterarum
937 3747 1003 3822 ejus.
1015 3762 1107 3808 rerum
1125 3745 1270 3826 gestarum,
