2814 4754
201 369 214 386 ⁴
345 389 398 446 aa
420 369 554 448 Baaao
572 366 761 448 Gaumoo
786 368 879 448 Lae.
896 369 961 444 Vl.
1102 373 1168 468 aly

182 539 351 640 acceptia,
368 541 573 622 hostium'se
587 541 790 622 habiturum
805 541 1171 632 numero-confirmat,
1255 632 1258 646 .

183 665 296 747 aaut
321 663 586 764 Ambiorigem,
612 683 672 743 aut
687 661 762 766 ejus
771 663 925 764 legatos,
953 661 1083 742 finibus
1105 661 1173 742 suit

178 782 402 882 recepissent.
463 785 533 862 His
565 783 781 866 confirmatis
813 785 931 876 rebus,
963 783 1171 866 Commium

176 903 391 985 Atrebatem
412 931 495 986 cum
516 905 687 1006 equitatu,
703 905 859 984 custodia
875 905 968 996 loco,
990 904 1027 980 in
1042 903 1172 982 Mena-

139 1043 146 1058 “
177 1024 252 1124 piis
266 1025 431 1126 relinquit
436 1057 448 1116 ς
474 1022 546 1125 ipse'
563 1026 600 1106 iu
615 1025 782 1104 Treviros
798 1023 1033 1122 proficiscitur.

232 1148 316 1224 VlL
343 1149 445 1224 Dum
476 1149 554 1224 haec
586 1171 607 1222 a
638 1145 774 1224 Caesare
797 1163 984 1244 geruntur,
1017 1145 1170 1241 Treviri,

179 1265 326 1364 magnis
351 1265 480 1344 coeatis
498 1265 672 1366 peditatu&
691 1265 929 1367 equitatusque
952 1265 1073 1363 copiis',
1099 1269 1171 1342 La-

102 1467 109 1482 ,
178 1385 335 1496 bionum
349 1413 435 1466 oum
455 1414 526 1465 uua
552 1388 705 1488 legione,
734 1413 815 1488 qua
838 1386 876 1466 in
904 1411 1028 1464 eorum
1045 1385 1173 1466 finibus

180 1507 377 1600 hiemabat,¹
404 1508 538 1588 vadoriri
565 1511 758 1609 parabant:
783 1505 932 1608 jamque
959 1511 1007 1586 ab
1032 1533 1174 1591 eonon

179 1615 325 1739 toagiua
342 1629 440 1708 bidui
456 1628 516 1706 via
530 1633 686 1722 aberant,
705 1656 817 1732 quum
832 1629 920 1708 duas
935 1627 1067 1710 veniffe
1081 1630 1171 1732 legi·

180 1775 277 1830 unet
297 1751 398 1832 millu
427 1751 569 1830 Caesaris
591 1751 819 1859 cognoscunt.
867 1751 990 1828 Politia
1009 1751 1128 1830 oallria
1151 1779 1174 1832 a
1222 1762 1226 1775 '

181 1871 507 1982 milibutpaffuum
523 1897 589 1962 xv,
608 1871 738 1956 auxilia
748 1874 1007 1948 Germanorum
1027 1873 1171 1970 exspec·
1244 1904 1246 1908 ·

181 2009 260 2072 tare
274 1991 499 2071 constituunt.
540 1991 735 2082 Labienus,
750 1988 905 2068 hostium
921 1987 1069 2093 cognito
1087 2015 1172 2070 con·

130 2101 134 2104 ’
181 2111 275 2203 filio,
301 2111 455 2210 sperans,
483 2111 676 2196 temeritate
699 2136 820 2188 eurum
836 2107 917 2188 'fore
938 2107 1095 2210 aliquam
1117 2112 1172 2188 di-

181 2232 344 2322 micandi
369 2211 586 2330 facultatem,
621 2231 781 2332 praefidio
801 2231 1003 2312 cohortium
1026 2256 1050 2305 v
1073 2229 1173 2332 iope·

182 2351 350 2432 dimentis
364 2352 500 2448 relillo,
520 2380 603 2432 cum
625 2379 701 2430 xxv
726 2350 942 2446 coholtibue,
968 2371 1181 2458 magnoque·

181 2471 357 2574 equitatu,
387 2461 659 2578 contrahostem
674 2470 904 2576 proficiscitur
914 2505 927 2564 t
954 2479 1004 2567 δε,
1023 2479 1081 2554 M.
1099 2474 1172 2574 paf-

177 2597 286 2674 suum
307 2594 515 2678 intermiffo,
530 2595 656 2697 spatio,
686 2597 795 2674 calisa
825 2595 1035 2674 communit.
1087 2597 1174 2674 Erat

183 2717 275 2796 inter
293 2707 515 2811 Labienum
541 2703 648 2823 atque
674 2703 844 2813 hostem
863 2716 999 2798 difficili
1028 2721 1173 2796 transitu
1226 2807 1240 2842 x

181 2841 334 2932 flumen,
359 2837 512 2946 ripisque
524 2841 726 2939 praeruptim
756 2841 842 2918 Hoc
858 2867 974 2940 neque
989 2839 1062 2940 ipso
1076 2860 1170 2916 tran·

183 2959 311 3046 lireio
337 2959 456 3060 animo
483 2957 650 3052 habebat,
683 2987 798 3060 neque
829 2961 945 3038 hostes
972 2963 1172 3036 transuuroe

182 3075 415 3178 existimabat.
457 3083 667 3186 Augebatur
683 3081 896 3164 auxiliorum
913 3080 1071 3181 quotidie
1085 3077 1173 3176 spes.

182 3195 368 3299 Loquitur
382 3198 420 3274 in
435 3201 577 3278 conlilio
594 3203 737 3307 palam
764 3208 793 3252 “
810 3202 978 3302 quoniam
1000 3197 1172 3276 Germani

186 3326 217 3368 ‘⁴
232 3317 522 3431 adpropmquare
539 3318 715 3414 dicautur,
740 3321 808 3398 sese
833 3321 909 3398 luas
932 3317 1174 3420 exercitusque
1258 3321 1261 3342 ‘
1366 3317 1367 3326 '

187 3446 216 3487 “
233 3439 393 3528 fortunae,
404 3441 442 3518 io
464 3442 617 3522 dubium
633 3471 714 3559 uon
729 3445 998 3535 devocaturum,
1030 3445 1063 3518 a
1092 3443 1169 3542 pos-

188 3568 216 3612 “
234 3583 310 3642 tero
325 3561 384 3642 die
399 3563 515 3664 prima
527 3568 610 3645 luce
626 3566 732 3653 calba
747 3566 966 3654 moturumssl
1005 3565 1178 3648 Celeriter*

186 3683 325 3766 haeead
339 3681 684 3816 hostesdefertmtur‚
709 3707 750 3782 ut
765 3715 816 3767 ea
826 3712 960 3792 magno
982 3689 1169 3766 Gallorum
