2866 4754
238 616 1139 720 ARGUMENTUM

350 786 612 934 sanus
677 853 984 956 Quluus

645 1047 734 1108 DE

165 1139 1147 1290 vBELLoGALL100.

197 1492 232 1577 Ι.
250 1412 359 1574 CAE
365 1492 479 1574 SAR
506 1473 683 1602 granden
708 1490 748 1571 in
778 1488 897 1572 Gallis
919 1504 995 1601 per
1020 1490 1181 1598 Legatos
1334 1569 1337 1578 .

154 1634 156 1643 ’
195 1633 331 1748 instrui
344 1633 480 1745 claffern
495 1633 620 1743 jubet.
676 1635 756 1746 Ipse
772 1633 813 1714 in
830 1631 1018 1744 Illyricum
1027 1633 1180 1746 profic·

195 1787 270 1866 tus,
291 1768 461 1878 Pirustas
474 1765 623 1850 cohibet.
672 1767 730 1848 11.
758 1769 806 1848 Iu
821 1765 981 1850 Galliam
998 1770 1179 1879 reuerstos,

196 1903 380 2013 turbisque
394 1896 633 1999 Trevirorum
653 1898 858 2008 compofitis,
886 1896 1004 1996 vlu.
1028 1900 1067 1982 in
1083 1900 1179 1980 Bri-

198 2035 364 2119 tanniarn
382 2032 538 2141 treq‘icit.
586 2030 664 2114 IX.
695 2033 788 2112 Cum
806 2028 979 2137 irfiolanis
1006 2030 1104 2110 citra
1121 2033 1182 2112 ul-

197 2185 330 2278 traque
359 2161 539 2272 Tamefim‘
563 2163 655 2245 beila
670 2164 794 2272 gerit.
851 2141 1011 2250 XXIII.
1042 2164 1182 2273 Quibus

153 2403 155 2412 .
199 2297 384 2410 confidis,
403 2295 445 2377 in
458 2295 618 2379 Galliam
634 2294 802 2377 redubbas
818 2296 980 2405 legiones,
1001 2279 1184 2382 invarias
1296 2354 1298 2364 ·

193 2447 326 2546 partes
343 2427 536 2540 dssribuit.
593 2429 753 2512 XXVI.
781 2429 949 2542 Plerique
974 2432 1080 2513 Galli
1092 2432 1181 2540 dest·

200 2564 324 2650 cium:
347 2562 528 2674 primique
540 2560 741 2661 Eburones,
756 2563 843 2646 duce
855 2564 1080 2674 Ambiorige,
1092 2569 1181 2676 ‚coes-

200 2717 264 2781 tra
277 2691 420 2780 Titurii
431 2696 573 2805 Legati
586 2695 831 2781 adoriuntur:
850 2727 896 2781 ac
913 2698 1097 2810 desperata
1115 2729 1181 2782 ex·
1202 2735 1206 2742 ¹
1279 2701 1284 2714 “

196 2831 434 2944 pugnatione,
477 2831 657 2914 XXXII.
685 2829 759 2912 dolo
777 2833 890 2942 ipstau
919 2861 999 2918 cusu
1025 2832 1184 2948 omnibus

201 2961 311 3074 copiis
328 2960 634 3045 circumveniunt.
668 2965 921 3077 ¹XXXVIII.
945 2965 1068 3047 Vibbor
1082 2971 1182 3049 Am·

202 3095 334 3191 biorix,
352 3093 501 3202 ‘januis
520 3094 689 3191 Neruiis,
719 3095 837 3206 eseslra
854 3100 907 3206 Q
923 3096 1106 3180 Ciceronis
1119 3097 1183 3178 ab·

189 3228 303 3338 fidet.
348 3227 504 3308 XLIX.
527 3225 724 3334 Obſsdione,
744 3226 785 3322 ob
798 3227 996 3310 adventum
1011 3227 1183 3338 Caesaris,

191 3361 331 3474 soluta,
360 3374 457 3441 totus
481 3357 556 3466 ejus
578 3360 760 3441 exercitus
777 3361 1016 3472 profligatur.
1072 3362 1182 3450 LIV.

206 3497 356 3576 Senones
373 3489 602 3575 nibilominus
618 3493 663 3574 δέ
681 3489 846 3592 Treviri,
871 3524 929 3576 res
946 3523 1058 3577 novas
1081 3495 1184 3579 moli-

207 3643 337 3709 untur.
395 3625 552 3706 LVIII.
592 3625 676 3723 Sed,
710 3625 898 3738 intersebio
923 3628 1185 3726 Inducionsaro,

206 3787 264 3841 res
275 3759 442 3872 paullum
452 3775 617 3868 pacata.
668 3855 726 3944 K!

730 3895 750 3967 3
