2866 4754
184 465 187 472 .
251 375 297 506 9¹⁶
357 415 367 436 ‘
482 341 983 490 'chonensium

151 640 152 652 ,
249 561 381 640 viribus
406 567 530 644 milites
555 570 659 644 nostri
672 669 673 672 Ἴ
686 571 872 665 consecuti,
907 585 1078 670 magnum
1108 595 1235 646 nume·

169 687 171 694 ’
249 709 329 760 rum
345 711 467 762 eorum
481 690 707 778 occiderunt;
725 692 876 792 reliquos
893 690 1026 790 equites
1043 689 1241 782 consestati,

248 831 394 908 paucos,
419 810 481 908 qui
507 837 551 886 ex
570 809 655 912 fuga
673 811 859 904 evaserant,
882 812 1108 911 reliquerunt.
1158 810 1231 904 Sic,

248 953 321 1006 uno
339 950 512 1030 tempore,
539 936 574 1006 δι
597 934 642 1007 de
659 933 771 1008 navali
796 958 917 1032 pugna
942 932 1101 1023 Sabinus,
1129 937 1172 1008 ἃ.
1188 934 1234 1010 de

248 1051 366 1126 Sabini
390 1051 532 1128 vidoria
557 1052 667 1128 Caesar
693 1053 816 1128 certior
841 1053 976 1128 sadus:
1011 1051 1235 1152 civitatesque

248 1195 371 1246 omnes
387 1170 420 1246 se
437 1172 552 1248 statim
563 1172 705 1248 Titurio
724 1173 947 1250 dediderunt.
993 1171 1106 1262 Nam,
1133 1193 1171 1248 ut
1187 1174 1233 1251 ad

250 1291 579 1391 bella‘·suscipienda
596 1296 781 1370 Gallorum
804 1295 916 1370 alacer
941 1319 981 1372 ac
999 1313 1158 1394 promtus
1184 1294 1234 1370 est

227 1507 232 1522 Ι
249 1413 400 1506 animus,
430 1418 474 1488 fic
497 1414 612 1488 mollis
625 1421 671 1492 ‘ac
698 1415 843 1490 minime
862 1415 1014 1492 refistens
1030 1415 1076 1490 ad
1092 1414 1234 1492 calanu-

34 1535 37 1542 “
129 1549 130 1552 ’
250 1553 337 1608 tates
354 1531 575 1633 perferendas
591 1561 689 1610 mens
706 1559 828 1620 eorum
844 1535 907 1610 est.

298 1667 385 1739 XX.
412 1667 550 1738 Eodem
577 1663 647 1738 fere
674 1685 845 1764 tempore,
876 1667 915 1739 P.
939 1667 1090 1757 Crassus,
1121 1689 1234 1765 quum

250 1781 288 1858 in
302 1781 530 1884 Aquitaniam
548 1767 767 1884 pervenisset,
790 1813 869 1886 quae
887 1812 977 1885 pars,
1007 1807 1046 1862 ut
1063 1806 1143 1862 ante
1158 1787 1233 1862 dic·

251 1924 330 1978 tum
352 1905 416 1996 est,
445 1911 479 1981 δι
508 1905 697 2006 regionum
726 1908 800 1982 latit
826 1908 922 1998 dine,
951 1915 985 1982 dt
1006 1906 1234 1993 multitudine

250 2027 462 2142 hominum,
478 2055 524 2104 ex
548 2028 648 2103 tertia
675 2051 784 2128 μεμε
778 1936 921 2103 dassiae
945 2028 995 2101 est
1018 2028 1232 2122 aestimanda,

252 2175 366 2247 quum
383 2148 651 2252 intellegeret,
641 2178 680 2226 tn
696 2150 749 2226 his
777 2151 860 2226 locis
880 2149 941 2225 fibi
958 2150 1093 2223 bellum
1108 2173 1231 2248 geren·
1269 2199 1273 2204 -
1315 2225 1319 2234 ,

146 2337 147 2345 ,
251 2272 354 2361 dum,
379 2270 442 2345 ubi
459 2272 577 2366 paucis
603 2292 683 2347 ante
699 2273 797 2348 annis
820 2275 866 2346 L.
884 2271 1042 2346 Valerius
1059 2269 1234 2346 Praeconi-

251 2415 317 2464 nus
333 2391 483 2487 legatus,
496 2391 655 2464 exercitu
674 2392 786 2488 pulso,
804 2390 1000 2466 interfeftus
1017 2393 1111 2484 ellet,
1128 2382 1235 2490 atque

251 2510 414 2586 undeL.
441 2508 611 2584 Manilius
637 2515 793 2601 Procos.,
823 2510 1068 2608 inpedimentis
1094 2512 1235 2604 amidis,
1291 2587 1293 2592 ,

252 2625 469 2728 profugisset,
499 2657 570 2704 non
587 2632 802 2706 mediocrem
821 2631 882 2704 fibi
897 2631 1114 2732 diligentiam
1132 2629 1234 2704 adhi-

252 2749 405 2824 bendam
422 2749 659 2848 intellegebat
698 2731 834 2850 ltaque,
860 2776 899 2825 re
913 2749 1136 2826 frumentaria
1153 2773 1233 2849 pro·

250 2864 334 2962 visa,
359 2869 509 2960 auxiliis,
535 2870 762 2971 equitatuque
777 2891 992 2971 comparato,
1010 2872 1128 2946 multis
1145 2895 1234 2970 prae·

251 3009 344 3066 terea
360 2989 442 3065 viris
457 2989 605 3066 sortibus
616 2993 758 3084 Tolosa,
776 2990 982 3084 Carcasone,
1001 2993 1035 3069 ἃ
1050 2993 1233 3084 Narbone,

176 3135 178 3146 ·
252 3137 332 3210 quae
351 3109 429 3190 sunt
447 3111 602 3188 civitates
627 3113 752 3192 Galliae
775 3113 965 3212 provinciae
990 3112 1164 3204 finitima,
1189 3135 1235 3186 ex

251 3232 305 3309 his
333 3233 533 3334 regionibus
564 3234 776 3310 nominatim
808 3233 973 3325 evocatis,
1002 3234 1039 3310 in
1063 3233 1236 3311 Sotiatum

251 3355 340 3428 fines
365 3355 561 3430 exercitum
587 3355 792 3430 introduxit.
841 3353 949 3454 Cujus
974 3355 1127 3454 aduentu
1147 3379 1233 3451 cog·

251 3472 326 3548 nito
342 3475 501 3566 Sotiates,
529 3475 667 3575 magnis
682 3476 792 3573 copiis
820 3474 962 3566 coactis,
990 3474 1231 3574 equitatuque,

236 3668 238 3672 .
253 3620 325 3692 quo
342 3595 535 3692 plurimum
546 3597 723 3686 valebant,
741 3596 778 3670 in
794 3595 915 3670 itinere
931 3621 1060 3698 agmen
1076 3592 1235 3686 nostrum

251 3712 377 3806 adorti,
405 3715 559 3812 primurn
589 3715 743 3818 equestre
770 3716 936 3818 ptoelium
963 3711 1236 3810 commiserunt,
