2866 4754
429 432 480 490 on
503 410 622 490 Bauio
643 407 813 487 Gannico
837 367 1012 485 Lraslll.
1169 409 1215 506 89

286 580 349 661 XI.
374 587 498 686 Itaque
515 587 562 659 T.
585 585 784 661 Labienum
803 586 959 684 legatum
981 582 1019 656 in
1034 579 1217 672 Treviros,

240 705 298 802 qui
324 707 479 804 proximi
508 704 645 782 flumini
670 709 798 782 Rheno
826 705 918 795 sunt,
951 728 1034 778 eum
1062 701 1218 800 equitatu

234 824 352 899 mittit.
394 826 491 901 Huic
510 828 665 917 mandat,
693 830 842 916 Remos,
860 821 1079 924 reliquosque
1093 824 1218 923 Belgas

235 945 351 1036 adeat,
376 966 481 1046 atque
506 947 541 1020 in
568 947 686 1021 officio
712 947 912 1031 contineat;
942 944 1216 1044 Germanosque,

234 1064 298 1164 qui
316 1067 447 1141 auxilio
459 1093 479 1140 a
491 1067 607 1166 Belgis
625 1067 765 1141 arceffiti
782 1066 998 1155 dicebantur,
1025 1067 1048 1139 sr
1066 1064 1218 1164 pervim

204 1201 208 1212 '
234 1185 385 1277 navibus
410 1167 702 1260 flumentransrre
718 1205 903 1275 conentur,
933 1185 1125 1283 prohibeat.
1174 1187 1216 1258 P.

234 1307 397 1380 Crassum
414 1331 498 1379 cum
515 1307 713 1382 cohortibus
730 1305 924 1404 legionariis
939 1331 1018 1394 xrr,
1036 1307 1069 1377 ὅτ
1087 1329 1218 1404 magno

235 1449 386 1530 numero
412 1425 581 1522 equitatus
609 1426 644 1498 in
662 1426 891 1525 Aquitaniam
916 1424 1085 1524 proficisci
1100 1422 1218 1525 jubet,

234 1567 284 1619 ne
299 1569 343 1618 ex
358 1545 411 1618 his
426 1539 626 1621 ‘nationibus
641 1546 769 1622 auxilia
790 1547 828 1620 in
845 1546 998 1622 Galliam
1022 1547 1218 1639 mittantur,

221 1691 276 1740 -ac
309 1686 412 1742 tantae
446 1667 601 1744 nationes
633 1666 896 1768 conjungantur.
955 1671 1012 1768 Q
1039 1666 1218 1744 Titurium

233 1786 402 1862 Sabinum
420 1789 576 1888 legatum
599 1812 683 1863 cum
700 1789 895 1888 legionibus
918 1815 972 1862 111
994 1788 1031 1862 in
1051 1789 1217 1881 Unellos,

139 1913 144 1936 ⁸
236 1906 475 2000 Curiosolitas,
502 1908 750 2007 lexoviosque
766 1908 886 1999 mittit,
905 1907 968 2005 qui
981 1933 1059 1984 earn
1071 1935 1219 1984 manum

235 2028 468 2105 distinendam
484 2048 592 2104 curet.
624 2031 672 2104 D.
689 2031 835 2102 Brutum
848 2023 1100 2102 adolescentem
1112 2030 1218 2120 claffi,

236 2149 449 2246 Gallicisque
474 2148 635 2238 navibus,
662 2173 748 2247 quas
764 2173 810 2222 ex
829 2145 1051 2238 Pidonibus,
1079 2151 1113 2221 lit
1134 2150 1219 2224 San·

235 2268 345 2359 tonis,
367 2267 573 2367 reliquisque
589 2266 718 2366 pacatis
733 2267 933 2366 regionibus
951 2268 1139 2343 convenire
1146 2265 1219 2368 jus-

233 2387 336 2479 serat,
362 2387 531 2486 praeficit3
559 2391 607 2479 bt,
636 2413 747 2486 quum
771 2387 925 2487 primum
947 2389 1069 2486 poffet,
1093 2389 1130 2465 in
1147 2391 1218 2464 Ve-

236 2530 335 2585 netos
352 2505 521 2607 proficisci
542 2505 656 2607 jubet.
706 2507 782 2608 lpse
807 2533 849 2588 eo
875 2510 1087 2609 pedestribus
1111 2510 1219 2611 copiis

234 2629 430 2707 contendit.

286 2752 368 2825 XII.
395 2751 504 2824 Erant
527 2749 695 2850 ejusmodl
720 2749 791 2827 fere
817 2757 897 2828 situs
925 2753 1153 2853 oppidomm,
1178 2772 1219 2828 ut

239 2876 346 2970 posita
369 2871 406 2946 in
422 2873 586 2947 extremis
602 2872 745 2972 lingulis
758 2875 1087 2976 promontoriisque,
1105 2901 1219 2974 neque

119 3023 124 3032 ·
238 2991 387 3090 pedibus
403 2987 537 3068 aditum
555 2995 735 3084 haberent,
763 3015 874 3092 quum
896 3021 941 3069 ex
960 2998 1031 3069 alto
1057 2994 1090 3070 se
1117 2996 1220 3092 aestup

238 3110 453 3205 incitaviffet,
475 3115 572 3220 quod
585 3114 639 3188 bis
656 3113 784 3188 accidit
799 3113 947 3213 semper,
973 3116 1136 3189 horarum
1155 3141 1218 3188 xrr

237 3223 362 3330 spatio;
376 3249 490 3331 neque
503 3233 664 3322 navibus,
678 3235 788 3331 quod,
807 3233 916 3308 rursus
930 3233 1108 3307 minuente
1120 3234 1218 3327 aestu,
1323 3305 1327 3312 .

237 3376 344 3454 naves
360 3353 397 3427 in
414 3352 512 3428 vadis
537 3351 803 3427 adflislarentur.
853 3356 907 3426 lta
923 3374 1069 3450 utraque
1095 3380 1131 3428 re
1154 3380 1219 3454 op·
1340 3433 1344 3443 ¹

238 3467 401 3570 pidorum
418 3472 637 3572 obpugnatio
665 3472 930 3571 inpediebatur:
957 3498 1013 3565 ac,
1037 3478 1220 3573 siquando

237 3592 478 3693 magnitudine
508 3594 622 3692 operis
649 3592 740 3668 sorte
771 3589 931 3693 superati,
966 3595 1103 3671 extruso
1133 3599 1221 3672 mari

237 3710 366 3814 aggere
381 3739 423 3790 ac
435 3714 603 3810 molibus,
625 3734 732 3814 atque
748 3711 927 3822 hisserme
943 3717 1067 3818 oppidi
1089 3709 1218 3796 moeni·
