2814 4754
339 431 395 488 un
415 408 551 504 Burro
574 406 763 488 Gatrroo
788 405 979 486 er.·V11.
1079 431 1151 507 aar

8 597 9 602 '
150 611 205 667 ne
221 581 472 692 quaincastrir
487 611 534 665 ex
546 581 668 664 eorum
681 581 850 664 concursu
866 581 1152 666 &misericordia
1197 645 1201 654 ,

39 734 44 753 '
152 711 260 814 vulgi
284 711 410 792 seditio
425 709 593 808 oriretur)
619 730 659 786 ut
685 707 809 810 procul
837 707 883 784 in·
896 705 963 783 via'
978 707 1152 808 dispofitiu'

151 831 388 912 familiaribus
409 831 492 927 suis,
511 825 797 934 principibusque
813 828 1012 922 civitatum,
1031 829 1148 931 dispa.

8 987 9 996 ¹
150 956 298 1060 randoe,
320 954 619 1055 deducendosque
634 955 682 1030 ad
697 951 776 1034 suos
791 971 940 1044 curaret,
967 977 1047 1052 qua
1072 953 1148 1030 cui-

149 1099 230 1180 que
243 1075 374 1156 ciuitati
391 1074 681 1178 parecastr'orum
696 1072 742 1150 ab
761 1072 870 1148 initio·
878 1076 1081 1152 obvenerat.

205 1199 352 1276 xxlx.
375 1197 521 1272 Postero
541 1195 602 1272 die
624 1193 776 1272 concilio
790 1213 1000 1286 convocato,
1025 1197 1147 1272 conso·

149 1319 251 1400 latus
266 1315 538 1420 cohortatusque
554 1315 618 1410 est,
646 1322 677 1360 “
694 1341 739 1392 ne
759 1313 794 1393 se
810 1309 1008 1392 admodum
1030 1317 1150 1393 animo

149 1447 187 1486 ‘⁶
204 1429 444 1533 demitterent,
468 1463 559 1515 neve
579 1440 863 1538 perturbarentur
888 1435 1123 1514 incommodo
1134 1467 1147 1528 ;

150 1563 187 1605 “
203 1561 279 1636 uon
303 1558 443 1653 virtute,
480 1583 596 1660 neque
624 1559 662 1634 in
689 1557 764 1636 acie
792 1557 913 1636 vicisse
946 1559 1147 1658 Romanor,

152 1686 186 1736 ⁴⁸
202 1679 262 1758 sod
277 1679 425 1758 artificio
441 1683 599 1783 quodam
625 1685 661 1758 bt
685 1665 1146 1780 scientiaobpugnationin
1221 1713 1227 1734 ·

151 1807 184 1848 ‘⁶
200 1800 299 1904 cujus
318 1793 377 1878 Jrei
393 1801 519 1880 fuerint
546 1802 610 1901 ipsi
634 1799 796 1900 inperiti:
826 1825 952 1893 errare,
976 1803 1080 1904 siqui
1108 1803 1147 1880 in

149 1929 183 1971 ‘⁶
200 1923 299 2000 bello
314 1923 432 1998 omnis
450 1917 619 2002 secundos
643 1943 759 1998 rerum
784 1937 978 2019 proventus
1003 1923 1147 2022 exspec-

147 2047 183 2092 “
199 2059 275 2120 tent
290 2063 305 2119 τ’
320 2043 384 2121 fibi
397 2067 599 2144 numquam
612 2039 793 2142 placuisse,
810 2040 1007 2122 Auaricum
1024 2041 1148 2121 defen·
1190 2101 1200 2124 .

150 2169 183 2212 “
199 2164 255 2260 di,
283 2161 382 2264 cujus
409 2165 458 2240 rei
482 2163 585 2240 testes
611 2161 703 2262 ipsos
731 2163 876 2238 haberet
889 2190 900 2250 ς
927 2161 986 2238 sed
1015 2161 1149 2252 fadum

149 2291 184 2334 “
199 2282 425 2385 inprudentia
435 2283 649 2385 Biturigum,
677 2282 839 2360 &nimia
849 2281 1076 2384 obsequentia
1094 2311 1147 2362 re·

151 2409 184 2480 .“
201 2403 395 2508 liquorum,
427 2405 480 2481 uti
508 2407 579 2486 hoc
605 2403 876 2484 incommodum
903 2406 1145 2508 acciperetur:

150 2532 182 2581 “
199 2526 237 2604 id
258 2526 428 2606 tamense
449 2526 609 2606 celeriter
625 2525 816 2628 majoribus
832 2530 1033 2604 commodis
1049 2528 1146 2604 sana·

153 2651 183 2696 ‘⁶
199 2667 334 2732 nuum.
383 2649 482 2725 Nam
506 2672 586 2750 quae
611 2651 659 2726 ab
688 2648 831 2750 reliquis
854 2649 966 2754 Gallis
992 2650 1149 2728 civitates

151 2775 182 2817 “
197 2769 432 2864 differtirent,
458 2771 522 2847 has
531 2769 591 2848 sua
610 2771 794 2874 diligentia
804 2769 1075 2873 adjuncturum3
1095 2792 1147 2852 at,

144 2885 182 2938 '“
200 2914 274 2990 que
297 2887 410 2968 rmum
428 2891 611 2971 confilium
639 2894 754 2969 totius-
763 2893 1147 2986 Galliaecffesturum

145 2993 184 3058 '⁸‘
202 3006 302 3108 cujus
326 3008 492 3086 consensu
507 3035 553 3085 ne
570 3010 663 3086 orbis
687 3012 833 3112 quidem
851 3033 1025 3090 terrarum
1048 2997 1149 3112 poffit

80 3217 85 3228 ¹
120 3117 123 3126 ἡ
154 3135 185 3185 “
202 3127 387 3224 obfistu'e:
404 3130 524 3231 ‘idque
540 3129 578 3206 ‘se
594 3152 708 3232 prope
722 3131 799 3236 jam
815 3133 988 3212 'effectum
1005 3135 1149 3210 habere.
1227 3117 1229 3125 ¹

155 3257 185 3304 ‘⁶
202 3243 342 3330 Interea
373 3277 519 3354 aequum
544 3253 625 3346 effe,
659 3253 707 3354 ab
729 3251 776 3356 iis
804 3255 1009 3330 communie
1033 3252 1151 3332 salutit

155 3377 185 3422 “
196 3374 318 3455 'caussa
344 3372 523 3474 inpetrari,
549 3392 589 3454 ut
616 3365 727 3452 castra
752 3373 892 3452 munire
918 3371 1161 3470 instituerent,
1251 3463 1277 3479 ,-

157 3497 186 3542 “
203 3509 279 3595 quo
291 3493 432 3575 facilius
448 3496 644 3602 repentinos
662 3496 818 3592 hostiurn
833 3496 971 3599 inpetus
987 3487 1155 3588 sustinere
1213 3485 1215 3490 ’

155 3615 375 3743 “pudent''
809 3653 812 3658 .

636 3744 675 3820 R
