2814 4754
361 377 412 436 ua
435 351 560 436 naam
580 351 755 436 Gattrco
778 347 870 430 Lttt.
888 349 953 429 VI.
1076 377 1143 433 ιιι

211 528 406 612 XXXVII.
431 495 530 612 Hoc?
543 532 616 634 ipso
632 553 791 630 tempore
814 533 849 606 ἃ
872 525 951 606 casu
975 527 1146 604 Germani

157 654 296 754 equites
311 655 558 746 interveniunt,-
588 651 813 754 protinusque
830 652 957 726 eudem
972 648 1048 739 illo,
1074 673 1148 747 quo

158 797 345 870 venerant,
371 775 471 854 cursu
487 780 533 854 ab
549 777 757 852 Decumana
780 791 882 870 porta
897 771 935 847 in
958 769 1069 846 castra
1092 770 1146 845 in·

97 909 99 914 ’
155 919 323 997 rumpere
346 919 540 975 conanturs
571 919 637 972 nec
668 895 774 993 prius
791 889 869 966 sunt
899 891 975 985 visu,
1003 889 1147 989 objectis

153 1018 201 1091 ab
218 1041 261 1094 ea
284 1039 380 1118 parte
397 1004 503 1110 srlvis,
532 1043 639 1116 quam
668 1013 784 1090 castris
811 1013 1146 1114 adpropinquarent,

35 1191 41 1198 -
154 1136 268 1236 usquc
283 1163 341 1232 eo,
359 1160 414 1230 ut,
438 1138 512 1237 qui*
524 1129 588 1212 sub
606 1137 701 1210 vallo
724 1134 903 1208 tenderent
927 1156 1145 1227 mercatores,

154 1259 352 1358 recipiendi
380 1259 431 1335 sui
458 1257 661 1334 facultatem
688 1281 762 1331 non
798 1257 975 1332 haberent.
1025 1255 1145 1354 Inopi·

149 1397 282 1454 nantes
309 1377 417 1456 nostri
447 1403 485 1453 re
510 1405 601 1454 nova
624 1381 895 1478 perturbantur,
921 1402 963 1451 ac
987 1374 1048 1450 vix
1076 1375 1145 1474 pri·

153 1523 264 1580 tuum
292 1498 452 1599 inpetum
479 1500 642 1576 cohors
632 1525 671 1574 tn
695 1499 839 1574 statione
864 1496 1014 1574 sustinet.
1065 1496 1145 1572 Cir·
1198 1511 1200 1516 '

155 1619 435 1702 cumfunduntur
450 1647 496 1696 cx
510 1619 651 1720 reliquis
667 1621 781 1700 hostes
799 1620 969 1720 partibus,
996 1622 1019 1694 fi
1036 1645 1145 1719 quem

155 1740 293 1816 aditum
309 1742 459 1840 repetire
476 1746 623 1841 pollent.
664 1743 775 1843 AEgre
789 1763 904 1842 portas
920 1739 1024 1818 nostri
1041 1762 1144 1818 tuen·

155 1881 228 1953 tut,
253 1863 404 1963 reliquus
422 1863 535 1939 aditus
548 1866 651 1939 locus
678 1864 748 1961 ipse
773 1864 897 1962 perse,
925 1861 1146 1960 munitioque

154 1983 326 2058 defendit.
377 1983 480 2059 Totis
502 1983 694 2081 trepidatur
710 1983 841 2076 castris,
872 2002 978 2083 atque
996 1981 1083 2058 alius
1099 2007 1145 2056 ex

153 2104 226 2180 alio
255 2105 409 2178 caudam
430 2106 602 2178 tumultus
631 2103 777 2203 quaerit:
813 2129 929 2204 neque
950 2128 1022 2202 quo
1049 2105 1146 2202 figna

152 2223 323 2314 ferantur,
352 2217 467 2322 neque
496 2249 603 2324 quam
627 2227 664 2298 in
689 2241 821 2324 partem
839 2225 986 2326 quisque
1014 2249 1144 2300 conve·

152 2346 244 2438 niet,
267 2343 467 2444 provident.
518 2345 619 2421 Alius
645 2325 745 2446 capta
764 2343 841 2445 jam
862 2347 972 2424 castra
988 2371 1145 2446 pronun·

152 2469 250 2545 ciat:
278 2465 366 2542 alius
390 2468 507 2542 deleto
525 2466 801 2566 exereitu'atque
817 2471 1044 2568 Imperatore,
1070 2467 1144 2542 vic·

152 2609 247 2665 tores
272 2591 433 2667 barbaros
459 2588 589 2664 venisse
614 2588 818 2664 contendit:
853 2589 1011 2689 plerique
1031 2613 1145 2664 novas

154 2711 218 2786 libi
241 2735 286 2786 ex
302 2712 382 2785 loco
398 2711 582 2812 religiones
594 2711 758 2812 fingunt:
783 2711 968 2810 Cottaeque
985 2714 1018 2786 a
1036 2709 1142 2785 Titu-

152 2831 198 2908 rii
215 2831 463 2922 calamitatem,
488 2832 551 2931 qui
567 2832 747 2932 incudem
771 2831 962 2908 occiderint
986 2829 1143 2921 castello,

152 2971 237 3030 ante
254 2950 374 3026 oculos
391 2969 538 3048 ponunt.
588 2951 668 3026 Tali
684 2951 810 3025 timore
821 2953 986 3028 omnibus
1010 2973 1142 3050 pertet-

152 3065 244 3162 titis,
275 3069 502 3148 confirmatur
525 3069 645 3167 opinio
673 3070 838 3161 barbatis,
863 3090 903 3146 ut
931 3096 976 3144 ex
1000 3069 1142 3168 captivo

151 3190 348 3281 audierant,
375 3189 512 3263 nullum
529 3191 597 3263 elle
609 3189 701 3270 intus
718 3189 925 3287 praefidium.
975 3191 1140 3268 Perrum-

154 3337 239 3413 pere
261 3309 435 3402 nituntur,
464 3308 569 3408 seque
593 3308 656 3408 ipsr
672 3310 910 3401 adhortantur,
937 3335 982 3386 ne
1008 3329 1140 3386 tantam

154 3433 330 3512 fortunam
346 3455 391 3506 ex
408 3427 569 3506 manibus
585 3431 774 3522 dimittant.

204 3554 416 3628 XXXVIII.
442 3554 526 3626 Erat
554 3553 712 3654 egerin
742 3552 900 3652 praesrdio
929 3553 1079 3630 relidus'
1095 3556 1136 3630 P.
1170 3643 1187 3656 .,

155 3673 293 3752 Sextius
317 3675 480 3780 Baculus,
510 3672 571 3774 qui
596 3673 750 3771 primum
767 3674 1162 3773 pilumadCaesarem

619 3795 694 3870 Pa
758 3836 783 3872 ·.
