2932 4750
283 407 330 488 50
488 370 1044 480 c.Jurncnsna1s,ac.

281 560 438 635 Valerius
454 559 638 653 Procillus,
669 587 780 660 quum
797 586 817 636 a
832 559 1036 636 custodibus
1056 557 1094 634 in
1109 558 1194 660 fuga
1209 557 1270 636 tri-

227 764 231 770 ,
276 681 335 772 'nis
352 680 480 756 catenis
498 681 635 756 vinetus
660 681 865 774 traheretur,
891 681 929 756 in
953 679 1064 788 ipsum
1081 682 1268 773 Caesarem,
1321 669 1329 688 ’

282 801 390 875 hostis
407 801 565 899 equitatu
589 801 866 902 persequentem,
895 803 1030 879 incidit.
1079 806 1172 901 Qiae
1192 801 1269 902 qui-

275 923 364 996 dem
382 947 434 995 res
453 898 576 996 Caesari
595 949 666 997 non
682 924 868 1017 minorem,
898 950 1006 1025 quam
1023 922 1096 1022 ipsa
1107 923 1267 1015 victoria,
1312 939 1321 960 ‘

276 1044 499 1141 voluptatem
512 1045 661 1118 adtulit:
688 1047 784 1143 quod
799 1046 979 1142 hominem
996 1044 1270 1120 honestiffimum
1350 1035 1354 1044 ’

280 1164 472 1262 provincia
490 1164 628 1257 Galliae,
655 1165 755 1240 suum
772 1165 993 1257 familiarem,
1022 1171 1056 1240 δι
1081 1165 1268 1264 hospitem,

280 1307 438 1382 ereptum
456 1311 475 1359 e
492 1287 654 1360 manibus
677 1287 845 1378 hostium,
875 1287 938 1363 srbi
955 1287 1152 1361 restitutum
1167 1284 1267 1361 vide·

279 1407 362 1480 bat:
386 1432 502 1505 neque
530 1406 600 1506 ejus
620 1407 815 1482 calamitate
841 1409 887 1482 de
904 1425 1002 1480 tanta
1026 1406 1205 1508 voluptate
1233 1409 1268 1480 δι

278 1527 508 1626 gratulatione
525 1529 718 1627 quidquam
735 1528 874 1602 fortuna
890 1526 1118 1602 deminuerat.
1168 1530 1216 1618 Is,
1234 1523 1269 1601 se

280 1647 456 1746 praesente,
489 1649 592 1724 dese
629 1671 682 1723 ter
708 1647 857 1723 sortibus
884 1647 1083 1722 consultum
1111 1647 1266 1739 dicebat,

279 1751 400 1843 utrum
427 1768 501 1868 igni
518 1768 634 1843 statim
651 1788 845 1862 necaretur,
871 1794 916 1844 an
942 1767 978 1842 in
1002 1767 1097 1842 aliud
1122 1788 1267 1866 *tempus

278 1885 527 1965 reservaretur:
558 1891 703 1965 sortium
715 1889 888 1966 beneficio
905 1889 939 1964 se
954 1891 1022 1964 elle
1038 1888 1266 1976 incolumem.

192 2057 195 2062 -
277 2014 369 2086 Item
392 2015 450 2086 M.
477 2013 626 2088 Mettius
653 2031 821 2111 repertus,
855 2016 889 2085 δι
918 2011 963 2084 ad
992 2035 1075 2084 eum
1103 2011 1267 2084 reduetus

273 2285 276 2292 ⁴
327 2255 429 2328 LIV.
455 2257 541 2329 Hoc
555 2255 682 2352 proelio
697 2273 790 2329 trans
803 2255 973 2330 Rhenum
985 2251 1165 2341 nunciato,
1182 2251 1266 2324 Sue-

278 2371 328 2464 vi,
355 2371 416 2470 qui
441 2374 487 2446 ad
513 2373 603 2470 ripas
621 2373 739 2451 Rheni
763 2393 943 2463 venerant,
973 2373 1125 2446 domum
1142 2371 1267 2446 reverti

273 2515 463 2591 *coeperunt
476 2522 488 2580 ;
519 2519 609 2591 quos
625 2492 730 2584 Ubii,
754 2492 816 2591 qui
839 2477 997 2591 proximi
1014 2493 1184 2566 Rhenum
1210 2489 1266 2566 in·

278 2617 414 2706 colunt,
446 2613 643 2712 perterritos
660 2611 817 2703 insecuti,
851 2637 1024 2718 magnum
1048 2635 1094 2694 ex
1117 2610 1171 2686 his
1199 2637 1266 2686 nu-

280 2761 422 2810 merum
450 2735 665 2808 occiderunt.
719 2731 848 2824 Caesar,
880 2759 951 2808 una
978 2732 1093 2807 aestate
1127 2733 1267 2808 duobus

277 2855 443 2930 maximis
467 2840 567 2930 bellis
590 2851 771 2947 confertis,
806 2853 975 2929 maturius
993 2855 1131 2953 paull0,
1156 2877 1267 2952 quam

277 2997 417 3075 tempus
446 2976 528 3051 anni
554 2975 765 3076 postulabat,
795 2973 831 3050 in
860 2975 1006 3050 hiberna
1023 2975 1060 3049 in
1087 2979 1266 3074 Sequanos
1312 2973 1314 2982 ’

277 3097 476 3185 exereitum¹
493 3097 643 3171 deduxit
659 3124 675 3170 ε-
710 3094 863 3182 hibernis
891 3096 1092 3173 Labienum
1124 3119 1263 3195 praepo·

276 3217 366 3294 suit:
407 3218 479 3319 ipse
512 3219 549 3293 in
578 3217 961 3296 citeriorem.1Galliam
992 3220 1039 3310 ad
1070 3233 1264 3295 conventus

231 3423 234 3430 ¹
277 3339 434 3440 agendos
451 3339 626 3442 profe8tus
644 3339 706 3416 est.
