2866 4754
394 413 444 480 aa
463 405 594 480 narro
612 403 803 482 Gnarrco
827 403 919 483 Lra.
936 401 999 478 IV.
1145 425 1209 503 ¹2³

233 579 437 683 progressus,
467 599 589 679 aperto
616 605 662 656 ac·
684 580 789 680 plano
821 580 925 656 litore.
953 600 1060 654 naves
1087 576 1212 654 consti·

227 702 305 778 tuit.
573 755 575 760 .
729 800 735 810 υ
867 724 870 732 ’
939 737 942 748 ·
1286 769 1293 792 ,

276 817 415 898 XXIV.
450 825 501 896 At
520 821 670 913 barbari,
688 821 831 896 confilio
857 825 1102 898 Romanorum
1126 843 1213 920 cog·

225 944 318 1036 nito,
335 941 504 1042 praemisso
520 941 696 1042 equitatu,
716 947 749 1018 δι
767 941 952 1034 essedariis,
970 966 1043 1042 quo
1060 943 1213 1040 plerum·

227 1089 300 1163 que
316 1064 496 1164 generein
521 1061 652 1161 proeliis
666 1061 719 1136 uti
745 1061 966 1152 consuerunt,
983 1061 1123 1161 reliquis
1150 1087 1213 1138 co·

226 1184 296 1285 piis
309 1183 495 1275 subsecuti,
523 1183 656 1258 nostros
672 1181 821 1256 navibus
837 1181 954 1279 egredi
972 1183 1213 1279 prohibebant.

229 1307 318 1379 Erat
335 1305 462 1378 obbas
478 1305 608 1406 caussas
621 1301 760 1376 ¹summa
775 1301 974 1393 difficultas,
996 1304 1094 1402 quod
1109 1327 1215 1378 naver

227 1441 370 1524 propter
393 1421 686 1524 magnitudinem,
709 1423 770 1497 nist
792 1422 830 1496 iu
851 1425 936 1514 alto,
960 1421 1123 1497 constitui
1143 1447 1215 1498 non

227 1562 399 1642 poterant.
463 1542 642 1620 Militibus
663 1565 794 1636 autem,
812 1543 942 1644 ignotis
959 1543 1060 1636 locis,
1078 1541 1215 1644 inpedi-
1251 1585 1255 1594 <

208 1661 268 1738 vtis
289 1662 464 1754 manibus,
494 1653 627 1764 magno
648 1669 681 1740 be
702 1665 801 1764 gravi
828 1691 1005 1740 armorum
1027 1688 1133 1740 onere
1147 1665 1212 1740 ob-

224 1785 355 1887 preffis,
387 1785 488 1860 fimus
517 1789 552 1860 δι
584 1785 630 1859 de
660 1786 808 1862 navibus
834 1787 1076 1878 desiliendum,
1106 1789 1142 1862 br
1175 1783 1213 1861 in

223 1904 395 1980 fludibus·
408 1905 680 1994 consistendum,
703 1911 737 1980 δι
754 1919 837 1980 cum
854 1905 1011 1980 hostibus
1026 1924 1098 1980 erar
1120 1929 1213 2003 pug-

180 2079 182 2088 «
226 2026 411 2112 nandum3
438 2051 551 2124 quum
576 2024 626 2098 illi
656 2044 715 2100 aut
736 2051 782 2100 ex
799 2024 912 2114 arido,
930 2043 990 2097 aut
1017 2024 1213 2122 paullulum

225 2144 265 2220 in
291 2170 421 2242 aquam
448 2145 629 2244 progressi,
657 2143 821 2220 omnibus
851 2129 1016 2218 membris
1044 2142 1214 2242 expediti,

155 2361 158 2370 .
226 2257 413 2339 notissimis
428 2263 529 2357 locis,
549 2263 709 2340 audasier
731 2267 801 2364 tela
815 2262 1089 2362 conjicerent‚&
1107 2288 1215 2363 equos

225 2382 434 2460 insuefactos
450 2381 643 2460 incitarent.
685 2385 825 2485 Qtibus
841 2389 946 2462 rebus
960 2385 1066 2462 nostri
1084 2404 1213 2486 perter-

221 2505 298 2598 riti,
316 2524 422 2605 atque
443 2503 546 2604 hujus
573 2504 718 2581 omnino
743 2507 880 2606 generis
901 2532 1030 2608 pugnae
1059 2506 1212 2606 inperiti,

223 2653 298 2704 non
313 2652 435 2716 omnes
452 2628 576 2703 eadem
600 2629 784 2723 alacritate,
802 2654 844 2705 ac
860 2629 988 2721 studio,
1007 2654 1081 2729 quo
1096 2628 1133 2703 in
1149 2654 1212 2728 pe·

159 2743 162 2752 ’
223 2747 395 2823 destribus
410 2747 461 2823 uti
480 2747 610 2848 proeliis
624 2748 873 2828 consueverant
892 2754 1090 2828 utebantur.

273 2870 394 2945 XXV..
420 2870 531 2970 Qod
546 2869 610 2944 ubi
627 2869 740 2946 Caesar
761 2872 923 2947 animum
938 2872 1090 2946 advertit
1105 2895 1213 2947 naves

225 2993 363 3090 longas,
374 3016 531 3088 -quatum
549 2994 583 3065 δι
601 2989 728 3089 species
746 3012 825 3066 erat
838 2992 990 3068 barbaris
1006 2992 1212 3081 inusitatior,

225 3116 261 3189 be
283 3133 401 3190 motus
425 3111 472 3183 ad
494 3111 595 3184 usum
619 3111 829 3209 expeditior,
856 3111 1015 3208 paullum
1039 3111 1214 3184 removeri

224 3235 271 3310 ab
286 3229 452 3308 onerariis
466 3229 628 3320 navibus,
654 3234 687 3304 δι
706 3229 809 3304 remis
825 3228 974 3319 incitari,
1001 3235 1046 3306 32,
1061 3231 1108 3303 ad
1125 3231 1213 3305 latua

223 3373 387 3453 apertum
407 3348 559 3427 hostium
580 3349 755 3442 constitui,
777 3368 883 3447 atque
904 3349 988 3426 inde
1001 3345 1140 3444 sfundis',
1162 3350 1212 3426 sa-

222 3465 343 3574 gittis,
368 3470 566 3562 tormentis,
601 3469 709 3546 hostis
729 3470 904 3578 propelli,
942 3496 983 3546 ac
1016 3469 1213 3546 submoveri

219 3591 340 3692 juffit:
367 3621 447 3694 quae
463 3617 515 3668 res
538 3617 670 3693 magno
687 3591 762 3670 usui
784 3591 906 3668 nostris
922 3591 1005 3670 fuit
1054 3596 1151 3671 Nam
1177 3598 1212 3670 ὅτ
1313 3573 1319 3584 “

130 3789 137 3798 .
225 3715 372 3794 navium
405 3715 534 3816 figura,
563 3715 608 3790 δι’
626 3727 807 3812 remorum
840 3734 956 3808 motu,
984 3719 1018 3791 δι
1049 3713 1211 3792 inusitato
