<?xml version="1.0" encoding="UTF-8"?>
<!DOCTYPE html PUBLIC "-//W3C//DTD XHTML 1.0 Transitional//EN"
    "http://www.w3.org/TR/xhtml1/DTD/xhtml1-transitional.dtd">
<html xmlns="http://www.w3.org/1999/xhtml" xml:lang="en" lang="en">
 <head>
  <title>
</title>
<meta http-equiv="Content-Type" content="text/html;charset=utf-8" />
  <meta name='ocr-system' content='tesseract 3.04.00' />
  <meta name='ocr-capabilities' content='ocr_page ocr_carea ocr_par ocr_line ocrx_word'/>
</head>
<body>
  <div class='ocr_page' id='page_1' title='image "./caiijuliicaesar00dodwgoog_0290.png"; bbox 0 0 2850 4752; ppageno 0'>
   <div class='ocr_carea' id='block_1_1' title="bbox 261 365 1166 466">
    <p class='ocr_par' dir='ltr' id='par_1_1' title="bbox 261 365 1166 466">
     <span class='ocr_line' id='line_1_1' title="bbox 261 365 1166 466; baseline -0.012 -16"><span class='ocrx_word' id='word_1_1' title='bbox 261 423 264 426; x_wconf 96' lang='lat'>-</span> <span class='ocrx_word' id='word_1_2' title='bbox 343 396 400 450; x_wconf 76' lang='lat' dir='ltr'>ns</span> <span class='ocrx_word' id='word_1_3' title='bbox 425 375 560 448; x_wconf 67' lang='lat' dir='ltr'>sarto·</span> <span class='ocrx_word' id='word_1_4' title='bbox 582 370 772 451; x_wconf 77' lang='lat' dir='ltr'>Gnnstco</span> <span class='ocrx_word' id='word_1_5' title='bbox 798 368 892 444; x_wconf 84' lang='lat' dir='ltr'>ert.</span> <span class='ocrx_word' id='word_1_6' title='bbox 909 365 989 442; x_wconf 88' lang='lat' dir='ltr'><strong>VII.</strong></span> <span class='ocrx_word' id='word_1_7' title='bbox 1096 379 1166 466; x_wconf 67' lang='lat'>179</span> 
     </span>
    </p>
   </div>
   <div class='ocr_carea' id='block_1_2' title="bbox 116 520 1267 3637">
    <p class='ocr_par' dir='ltr' id='par_1_2' title="bbox 116 520 1169 1480">
     <span class='ocr_line' id='line_1_2' title="bbox 187 520 1167 643; baseline -0.011 -22"><span class='ocrx_word' id='word_1_8' title='bbox 187 593 192 602; x_wconf 82' lang='lat'>-</span> <span class='ocrx_word' id='word_1_9' title='bbox 224 520 416 620; x_wconf 72' lang='lat' dir='ltr'>Lxxv‘ir.</span> <span class='ocrx_word' id='word_1_10' title='bbox 442 551 493 620; x_wconf 75' lang='lat' dir='ltr'>nr</span> <span class='ocrx_word' id='word_1_11' title='bbox 509 544 549 635; x_wconf 79' lang='lat' dir='ltr'>n,</span> <span class='ocrx_word' id='word_1_12' title='bbox 573 543 636 643; x_wconf 78' lang='lat' dir='ltr'>qur</span> <span class='ocrx_word' id='word_1_13' title='bbox 653 543 778 616; x_wconf 72' lang='lat' dir='ltr'>nterae</span> <span class='ocrx_word' id='word_1_14' title='bbox 795 538 1059 625; x_wconf 75' lang='lat' dir='ltr'>obsidebantur,</span> <span class='ocrx_word' id='word_1_15' title='bbox 1077 559 1167 634; x_wconf 78' lang='lat' dir='ltr'>prae-</span> 
     </span>
     <span class='ocr_line' id='line_1_3' title="bbox 172 659 1166 764; baseline -0.009 -26"><span class='ocrx_word' id='word_1_16' title='bbox 172 665 358 756; x_wconf 74' lang='lat' dir='ltr'>remedie,</span> <span class='ocrx_word' id='word_1_17' title='bbox 376 691 448 764; x_wconf 88' lang='lat' dir='ltr'>qua</span> <span class='ocrx_word' id='word_1_18' title='bbox 463 664 603 740; x_wconf 90' lang='lat' dir='ltr'>suorum</span> <span class='ocrx_word' id='word_1_19' title='bbox 621 661 752 738; x_wconf 87' lang='lat' dir='ltr'>auxilia</span> <span class='ocrx_word' id='word_1_20' title='bbox 764 659 1062 758; x_wconf 76' lang='lat' dir='ltr'>exspectaverant,</span> <span class='ocrx_word' id='word_1_21' title='bbox 1080 681 1166 730; x_wconf 90' lang='lat' dir='ltr'>con-</span> 
     </span>
     <span class='ocr_line' id='line_1_4' title="bbox 171 776 1167 878; baseline -0.008 -20"><span class='ocrx_word' id='word_1_22' title='bbox 171 784 291 862; x_wconf 84' lang='lat' dir='ltr'>suntto</span> <span class='ocrx_word' id='word_1_23' title='bbox 303 786 403 859; x_wconf 89' lang='lat' dir='ltr'>omni</span> <span class='ocrx_word' id='word_1_24' title='bbox 419 784 611 874; x_wconf 82' lang='lat' dir='ltr'>frumento,</span> <span class='ocrx_word' id='word_1_25' title='bbox 637 779 748 873; x_wconf 88' lang='lat' dir='ltr'>inscii,</span> <span class='ocrx_word' id='word_1_26' title='bbox 770 780 857 878; x_wconf 94' lang='lat' dir='ltr'>quid</span> <span class='ocrx_word' id='word_1_27' title='bbox 874 779 911 852; x_wconf 92' lang='lat' dir='ltr'>in</span> <span class='ocrx_word' id='word_1_28' title='bbox 922 776 1050 854; x_wconf 81' lang='lat' dir='ltr'>AEduis</span> <span class='ocrx_word' id='word_1_29' title='bbox 1068 793 1167 874; x_wconf 86' lang='lat' dir='ltr'>gere·</span> 
     </span>
     <span class='ocr_line' id='line_1_5' title="bbox 167 889 1166 997; baseline -0.009 -19"><span class='ocrx_word' id='word_1_30' title='bbox 167 924 282 997; x_wconf 78' lang='lat' dir='ltr'>retur,</span> <span class='ocrx_word' id='word_1_31' title='bbox 309 905 461 980; x_wconf 88' lang='lat' dir='ltr'>concilio</span> <span class='ocrx_word' id='word_1_32' title='bbox 478 907 617 995; x_wconf 70' lang='lat' dir='ltr'>condo,</span> <span class='ocrx_word' id='word_1_33' title='bbox 650 904 697 976; x_wconf 89' lang='lat' dir='ltr'>de</span> <span class='ocrx_word' id='word_1_34' title='bbox 722 889 821 976; x_wconf 85' lang='lat' dir='ltr'>exim</span> <span class='ocrx_word' id='word_1_35' title='bbox 843 897 1066 972; x_wconf 87' lang='lat' dir='ltr'>fortunarum</span> <span class='ocrx_word' id='word_1_36' title='bbox 1091 895 1166 970; x_wconf 67' lang='lat' dir='ltr'>sua»</span> 
     </span>
     <span class='ocr_line' id='line_1_6' title="bbox 170 1015 1166 1121; baseline -0.009 -23"><span class='ocrx_word' id='word_1_37' title='bbox 170 1039 252 1098; x_wconf 88' lang='lat' dir='ltr'>rum</span> <span class='ocrx_word' id='word_1_38' title='bbox 279 1024 532 1102; x_wconf 77' lang='lat' dir='ltr'><strong>consultabant.</strong></span> <span class='ocrx_word' id='word_1_39' title='bbox 583 1024 695 1121; x_wconf 83' lang='lat' dir='ltr'>Apud</span> <span class='ocrx_word' id='word_1_40' title='bbox 722 1045 811 1119; x_wconf 90' lang='lat' dir='ltr'>quos</span> <span class='ocrx_word' id='word_1_41' title='bbox 833 1020 933 1094; x_wconf 83' lang='lat' dir='ltr'>variis</span> <span class='ocrx_word' id='word_1_42' title='bbox 959 1017 1063 1092; x_wconf 79' lang='lat' dir='ltr'>dietis</span> <span class='ocrx_word' id='word_1_43' title='bbox 1090 1015 1166 1090; x_wconf 87' lang='lat' dir='ltr'>sen·</span> 
     </span>
     <span class='ocr_line' id='line_1_7' title="bbox 170 1137 1168 1242; baseline -0.006 -24"><span class='ocrx_word' id='word_1_44' title='bbox 170 1145 304 1236; x_wconf 87' lang='lat' dir='ltr'>tentiis,</span> <span class='ocrx_word' id='word_1_45' title='bbox 334 1169 484 1242; x_wconf 86' lang='lat' dir='ltr'>quarum</span> <span class='ocrx_word' id='word_1_46' title='bbox 503 1168 581 1240; x_wconf 85' lang='lat' dir='ltr'>pars</span> <span class='ocrx_word' id='word_1_47' title='bbox 597 1141 831 1229; x_wconf 89' lang='lat' dir='ltr'>deditionem,</span> <span class='ocrx_word' id='word_1_48' title='bbox 861 1163 954 1236; x_wconf 90' lang='lat' dir='ltr'>pars,</span> <span class='ocrx_word' id='word_1_49' title='bbox 970 1140 1060 1211; x_wconf 90' lang='lat' dir='ltr'>dum</span> <span class='ocrx_word' id='word_1_50' title='bbox 1075 1137 1168 1213; x_wconf 79' lang='lat' dir='ltr'>vires</span> 
     </span>
     <span class='ocr_line' id='line_1_8' title="bbox 170 1245 1167 1362; baseline -0.01 -21"><span class='ocrx_word' id='word_1_51' title='bbox 170 1263 411 1362; x_wconf 88' lang='lat' dir='ltr'>subpeterent,</span> <span class='ocrx_word' id='word_1_52' title='bbox 430 1263 656 1360; x_wconf 79' lang='lat' dir='ltr'>emptionem</span> <span class='ocrx_word' id='word_1_53' title='bbox 677 1257 876 1349; x_wconf 85' lang='lat' dir='ltr'>censebant,</span> <span class='ocrx_word' id='word_1_54' title='bbox 905 1245 978 1332; x_wconf 90' lang='lat' dir='ltr'>non</span> <span class='ocrx_word' id='word_1_55' title='bbox 1008 1277 1167 1355; x_wconf 85' lang='lat' dir='ltr'>praetere·</span> 
     </span>
     <span class='ocr_line' id='line_1_9' title="bbox 116 1369 1169 1480; baseline -0.008 -21"><span class='ocrx_word' id='word_1_56' title='bbox 116 1393 121 1403; x_wconf 88' lang='grc'><em>“</em></span> <span class='ocrx_word' id='word_1_57' title='bbox 172 1385 272 1458; x_wconf 84' lang='lat' dir='ltr'>unda</span> <span class='ocrx_word' id='word_1_58' title='bbox 287 1369 441 1456; x_wconf 86' lang='lat' dir='ltr'>¹videtur</span> <span class='ocrx_word' id='word_1_59' title='bbox 462 1383 574 1456; x_wconf 86' lang='lat' dir='ltr'>oratio</span> <span class='ocrx_word' id='word_1_60' title='bbox 600 1380 813 1480; x_wconf 75' lang='lat' dir='ltr'>Critognati,</span> <span class='ocrx_word' id='word_1_61' title='bbox 839 1398 981 1478; x_wconf 87' lang='lat' dir='ltr'>propter</span> <span class='ocrx_word' id='word_1_62' title='bbox 1004 1374 1078 1475; x_wconf 89' lang='lat' dir='ltr'>ejus</span> <span class='ocrx_word' id='word_1_63' title='bbox 1102 1377 1169 1451; x_wconf 84' lang='lat' dir='ltr'>fin·</span> 
     </span>
    </p>

    <p class='ocr_par' dir='ltr' id='par_1_3' title="bbox 174 1489 1170 1603">
     <span class='ocr_line' id='line_1_10' title="bbox 174 1489 1170 1603; baseline -0.006 -25"><span class='ocrx_word' id='word_1_64' title='bbox 174 1505 337 1603; x_wconf 82' lang='lat' dir='ltr'>gularem</span> <span class='ocrx_word' id='word_1_65' title='bbox 359 1529 400 1576; x_wconf 85' lang='lat' dir='ltr'>ac</span> <span class='ocrx_word' id='word_1_66' title='bbox 430 1501 596 1578; x_wconf 77' lang='lat' dir='ltr'>nefariam</span> <span class='ocrx_word' id='word_1_67' title='bbox 624 1489 881 1577; x_wconf 74' lang='lat' dir='ltr'>crudelitatem.</span> <span class='ocrx_word' id='word_1_68' title='bbox 931 1497 1009 1574; x_wconf 92' lang='lat' dir='ltr'>Hic</span> <span class='ocrx_word' id='word_1_69' title='bbox 1029 1498 1170 1574; x_wconf 87' lang='lat' dir='ltr'>summo</span> 
     </span>
    </p>

    <p class='ocr_par' dir='ltr' id='par_1_4' title="bbox 172 1618 1169 1842">
     <span class='ocr_line' id='line_1_11' title="bbox 173 1618 1169 1727; baseline -0.003 -30"><span class='ocrx_word' id='word_1_70' title='bbox 173 1623 210 1697; x_wconf 93' lang='lat' dir='ltr'>in</span> <span class='ocrx_word' id='word_1_71' title='bbox 228 1624 395 1727; x_wconf 80' lang='lat' dir='ltr'>Arvernis</span> <span class='ocrx_word' id='word_1_72' title='bbox 411 1643 506 1697; x_wconf 83' lang='lat' dir='ltr'>ortus</span> <span class='ocrx_word' id='word_1_73' title='bbox 521 1625 615 1715; x_wconf 87' lang='lat' dir='ltr'>ioco,</span> <span class='ocrx_word' id='word_1_74' title='bbox 647 1627 681 1695; x_wconf 75' lang='grc' dir='ltr'><strong>δι</strong></span> <span class='ocrx_word' id='word_1_75' title='bbox 700 1647 839 1722; x_wconf 80' lang='lat' dir='ltr'>magnae</span> <span class='ocrx_word' id='word_1_76' title='bbox 854 1619 995 1696; x_wconf 85' lang='lat' dir='ltr'>habitus</span> <span class='ocrx_word' id='word_1_77' title='bbox 1019 1618 1169 1694; x_wconf 70' lang='lat' dir='ltr'>austori-</span> 
     </span>
     <span class='ocr_line' id='line_1_12' title="bbox 172 1739 1166 1842; baseline -0.002 -24"><span class='ocrx_word' id='word_1_78' title='bbox 172 1743 264 1836; x_wconf 88' lang='lat' dir='ltr'>tatis,</span> <span class='ocrx_word' id='word_1_79' title='bbox 293 1751 321 1788; x_wconf 89' lang='lat'><strong>“</strong></span> <span class='ocrx_word' id='word_1_80' title='bbox 337 1744 465 1818; x_wconf 76' lang='lat' dir='ltr'>Ninit’</span> <span class='ocrx_word' id='word_1_81' title='bbox 488 1743 615 1842; x_wconf 90' lang='lat' dir='ltr'>inquit,</span> <span class='ocrx_word' id='word_1_82' title='bbox 644 1749 672 1786; x_wconf 87' lang='lat'><strong>“</strong></span> <span class='ocrx_word' id='word_1_83' title='bbox 689 1744 735 1816; x_wconf 84' lang='lat' dir='ltr'>de</span> <span class='ocrx_word' id='word_1_84' title='bbox 763 1765 885 1816; x_wconf 88' lang='lat' dir='ltr'>eorum</span> <span class='ocrx_word' id='word_1_85' title='bbox 906 1739 1074 1818; x_wconf 84' lang='lat' dir='ltr'>sententia</span> <span class='ocrx_word' id='word_1_86' title='bbox 1089 1739 1166 1816; x_wconf 91' lang='lat' dir='ltr'>dic·</span> 
     </span>
    </p>

    <p class='ocr_par' dir='ltr' id='par_1_5' title="bbox 174 1858 1169 1959">
     <span class='ocr_line' id='line_1_13' title="bbox 174 1858 1169 1959; baseline -0.003 -23"><span class='ocrx_word' id='word_1_87' title='bbox 174 1870 203 1908; x_wconf 86' lang='lat'><strong>“</strong></span> <span class='ocrx_word' id='word_1_88' title='bbox 219 1882 320 1937; x_wconf 85' lang='lat' dir='ltr'>turus</span> <span class='ocrx_word' id='word_1_89' title='bbox 336 1862 427 1952; x_wconf 86' lang='lat' dir='ltr'>sum,</span> <span class='ocrx_word' id='word_1_90' title='bbox 448 1863 511 1959; x_wconf 88' lang='lat' dir='ltr'>qui</span> <span class='ocrx_word' id='word_1_91' title='bbox 527 1861 757 1959; x_wconf 73' lang='lat' dir='ltr'>turpissimam</span> <span class='ocrx_word' id='word_1_92' title='bbox 769 1860 969 1934; x_wconf 88' lang='lat' dir='ltr'>servitutem</span> <span class='ocrx_word' id='word_1_93' title='bbox 982 1858 1169 1933; x_wconf 75' lang='lat' dir='ltr'>deditionis</span> 
     </span>
    </p>

    <p class='ocr_par' dir='ltr' id='par_1_6' title="bbox 157 1973 1220 2201">
     <span class='ocr_line' id='line_1_14' title="bbox 174 1973 1220 2084; baseline -0.004 -28"><span class='ocrx_word' id='word_1_94' title='bbox 174 1989 203 2046; x_wconf 62' lang='lat'>‘⁵</span> <span class='ocrx_word' id='word_1_95' title='bbox 222 1975 367 2056; x_wconf 82' lang='lat' dir='ltr'>nomine</span> <span class='ocrx_word' id='word_1_96' title='bbox 388 1981 589 2079; x_wconf 83' lang='lat' dir='ltr'>adpellant3</span> <span class='ocrx_word' id='word_1_97' title='bbox 617 1977 733 2078; x_wconf 82' lang='lat' dir='ltr'>neque</span> <span class='ocrx_word' id='word_1_98' title='bbox 749 1982 815 2054; x_wconf 88' lang='lat' dir='ltr'>hos</span> <span class='ocrx_word' id='word_1_99' title='bbox 838 1978 1020 2084; x_wconf 81' lang='lat' dir='ltr'>habendos</span> <span class='ocrx_word' id='word_1_100' title='bbox 1034 1973 1169 2052; x_wconf 89' lang='lat' dir='ltr'>civium</span> <span class='ocrx_word' id='word_1_101' title='bbox 1213 2043 1220 2060; x_wconf 85' lang='grc'><em>,</em></span> 
     </span>
     <span class='ocr_line' id='line_1_15' title="bbox 157 2095 1168 2201; baseline -0.005 -25"><span class='ocrx_word' id='word_1_102' title='bbox 157 2109 203 2188; x_wconf 79' lang='grc'>,“</span> <span class='ocrx_word' id='word_1_103' title='bbox 221 2104 324 2201; x_wconf 76' lang='lat' dir='ltr'>loco,¹</span> <span class='ocrx_word' id='word_1_104' title='bbox 349 2125 465 2198; x_wconf 88' lang='lat' dir='ltr'>neque</span> <span class='ocrx_word' id='word_1_105' title='bbox 493 2102 538 2174; x_wconf 88' lang='lat' dir='ltr'>ad</span> <span class='ocrx_word' id='word_1_106' title='bbox 567 2099 760 2174; x_wconf 89' lang='lat' dir='ltr'>concilium</span> <span class='ocrx_word' id='word_1_107' title='bbox 788 2099 1007 2173; x_wconf 86' lang='lat' dir='ltr'>adhibendos</span> <span class='ocrx_word' id='word_1_108' title='bbox 1033 2095 1168 2172; x_wconf 74' lang='lat' dir='ltr'>censeo.</span> 
     </span>
    </p>

    <p class='ocr_par' dir='ltr' id='par_1_7' title="bbox 173 2213 1255 2318">
     <span class='ocr_line' id='line_1_16' title="bbox 173 2213 1255 2318; baseline 0.001 -29"><span class='ocrx_word' id='word_1_109' title='bbox 173 2215 203 2289; x_wconf 71' lang='lat' dir='ltr'>‘f‘</span> <span class='ocrx_word' id='word_1_110' title='bbox 222 2221 318 2295; x_wconf 91' lang='lat' dir='ltr'>Cum</span> <span class='ocrx_word' id='word_1_111' title='bbox 328 2219 377 2312; x_wconf 28' lang='lat' dir='ltr'>,iis</span> <span class='ocrx_word' id='word_1_112' title='bbox 401 2220 490 2300; x_wconf 84' lang='lat' dir='ltr'>mihi</span> <span class='ocrx_word' id='word_1_113' title='bbox 515 2244 567 2294; x_wconf 79' lang='lat' dir='ltr'>res</span> <span class='ocrx_word' id='word_1_114' title='bbox 585 2223 636 2313; x_wconf 88' lang='lat' dir='ltr'>fit,</span> <span class='ocrx_word' id='word_1_115' title='bbox 663 2221 725 2318; x_wconf 92' lang='lat' dir='ltr'>qui</span> <span class='ocrx_word' id='word_1_116' title='bbox 750 2219 971 2317; x_wconf 86' lang='lat' dir='ltr'>eruptionem</span> <span class='ocrx_word' id='word_1_117' title='bbox 989 2218 1165 2316; x_wconf 87' lang='lat' dir='ltr'>probant:</span> <span class='ocrx_word' id='word_1_118' title='bbox 1233 2213 1255 2239; x_wconf 72' lang='lat'>&#39;⁸</span> 
     </span>
    </p>

    <p class='ocr_par' dir='ltr' id='par_1_8' title="bbox 174 2335 1168 2437">
     <span class='ocr_line' id='line_1_17' title="bbox 174 2335 1168 2437; baseline -0.002 -23"><span class='ocrx_word' id='word_1_119' title='bbox 174 2346 203 2383; x_wconf 89' lang='lat'><strong>“</strong></span> <span class='ocrx_word' id='word_1_120' title='bbox 222 2364 378 2437; x_wconf 88' lang='lat' dir='ltr'>quorum</span> <span class='ocrx_word' id='word_1_121' title='bbox 396 2339 432 2414; x_wconf 92' lang='lat' dir='ltr'>in</span> <span class='ocrx_word' id='word_1_122' title='bbox 449 2339 606 2429; x_wconf 75' lang='lat' dir='ltr'>consilio,</span> <span class='ocrx_word' id='word_1_123' title='bbox 632 2340 794 2414; x_wconf 90' lang='lat' dir='ltr'>omnium</span> <span class='ocrx_word' id='word_1_124' title='bbox 813 2339 964 2414; x_wconf 88' lang='lat' dir='ltr'>vestrum</span> <span class='ocrx_word' id='word_1_125' title='bbox 985 2335 1168 2429; x_wconf 89' lang='lat' dir='ltr'>consensu,</span> 
     </span>
    </p>

    <p class='ocr_par' dir='ltr' id='par_1_9' title="bbox 173 2457 1168 2558">
     <span class='ocr_line' id='line_1_18' title="bbox 173 2457 1168 2558; baseline -0.002 -25"><span class='ocrx_word' id='word_1_126' title='bbox 173 2466 202 2504; x_wconf 90' lang='lat'><strong>“</strong></span> <span class='ocrx_word' id='word_1_127' title='bbox 222 2459 373 2558; x_wconf 87' lang='lat' dir='ltr'>pristinae</span> <span class='ocrx_word' id='word_1_128' title='bbox 390 2464 537 2535; x_wconf 74' lang='lat' dir='ltr'>residere</span> <span class='ocrx_word' id='word_1_129' title='bbox 553 2460 690 2534; x_wconf 90' lang='lat' dir='ltr'>virtutis</span> <span class='ocrx_word' id='word_1_130' title='bbox 705 2459 875 2556; x_wconf 83' lang='lat' dir='ltr'>memoria</span> <span class='ocrx_word' id='word_1_131' title='bbox 892 2459 1040 2533; x_wconf 88' lang='lat' dir='ltr'>videtur.</span> <span class='ocrx_word' id='word_1_132' title='bbox 1078 2457 1168 2532; x_wconf 89' lang='lat' dir='ltr'>Ani·</span> 
     </span>
    </p>

    <p class='ocr_par' dir='ltr' id='par_1_10' title="bbox 173 2559 1166 2676">
     <span class='ocr_line' id='line_1_19' title="bbox 173 2559 1166 2676; baseline -0.003 -22"><span class='ocrx_word' id='word_1_133' title='bbox 173 2584 202 2646; x_wconf 69' lang='lat' dir='ltr'>‘f</span> <span class='ocrx_word' id='word_1_134' title='bbox 219 2581 269 2654; x_wconf 84' lang='lat' dir='ltr'>nri</span> <span class='ocrx_word' id='word_1_135' title='bbox 295 2580 348 2654; x_wconf 88' lang='lat' dir='ltr'>est</span> <span class='ocrx_word' id='word_1_136' title='bbox 369 2579 431 2655; x_wconf 86' lang='lat' dir='ltr'>ista</span> <span class='ocrx_word' id='word_1_137' title='bbox 449 2581 627 2674; x_wconf 87' lang='lat' dir='ltr'>mollities,</span> <span class='ocrx_word' id='word_1_138' title='bbox 653 2605 726 2654; x_wconf 92' lang='lat' dir='ltr'>non</span> <span class='ocrx_word' id='word_1_139' title='bbox 742 2580 867 2671; x_wconf 88' lang='lat' dir='ltr'>virtus,</span> <span class='ocrx_word' id='word_1_140' title='bbox 893 2577 1050 2675; x_wconf 86' lang='lat' dir='ltr'>inopiam</span> <span class='ocrx_word' id='word_1_141' title='bbox 1067 2559 1166 2676; x_wconf 83' lang='lat' dir='ltr'>paul·</span> 
     </span>
    </p>

    <p class='ocr_par' dir='ltr' id='par_1_11' title="bbox 173 2685 1267 2806">
     <span class='ocr_line' id='line_1_20' title="bbox 173 2685 1267 2806; baseline -0.001 -32"><span class='ocrx_word' id='word_1_142' title='bbox 173 2705 201 2743; x_wconf 88' lang='lat'><strong>“</strong></span> <span class='ocrx_word' id='word_1_143' title='bbox 220 2685 323 2806; x_wconf 82' lang='lat' dir='ltr'>lisper</span> <span class='ocrx_word' id='word_1_144' title='bbox 342 2699 433 2776; x_wconf 79' lang='lat' dir='ltr'>serre</span> <span class='ocrx_word' id='word_1_145' title='bbox 455 2701 776 2800; x_wconf 84' lang='lat' dir='ltr'>nonposse.Q1i</span> <span class='ocrx_word' id='word_1_146' title='bbox 805 2701 839 2775; x_wconf 89' lang='lat' dir='ltr'>se</span> <span class='ocrx_word' id='word_1_147' title='bbox 864 2701 958 2774; x_wconf 90' lang='lat' dir='ltr'>ultro</span> <span class='ocrx_word' id='word_1_148' title='bbox 979 2698 1083 2773; x_wconf 89' lang='lat' dir='ltr'>morti</span> <span class='ocrx_word' id='word_1_149' title='bbox 1101 2701 1166 2774; x_wconf 86' lang='lat' dir='ltr'>oh·</span> <span class='ocrx_word' id='word_1_150' title='bbox 1261 2731 1267 2745; x_wconf 92' lang='lat'><strong>·</strong></span> 
     </span>
    </p>

    <p class='ocr_par' dir='ltr' id='par_1_12' title="bbox 173 2803 1167 2928">
     <span class='ocr_line' id='line_1_21' title="bbox 173 2803 1167 2928; baseline 0.002 -36"><span class='ocrx_word' id='word_1_151' title='bbox 173 2803 346 2908; x_wconf 75' lang='lat' dir='ltr'>“serant,</span> <span class='ocrx_word' id='word_1_152' title='bbox 376 2820 512 2928; x_wconf 85' lang='lat' dir='ltr'>facilius</span> <span class='ocrx_word' id='word_1_153' title='bbox 536 2822 770 2919; x_wconf 87' lang='lat' dir='ltr'>reperiuntur,</span> <span class='ocrx_word' id='word_1_154' title='bbox 797 2844 906 2919; x_wconf 88' lang='lat' dir='ltr'>quam</span> <span class='ocrx_word' id='word_1_155' title='bbox 924 2820 986 2919; x_wconf 91' lang='lat' dir='ltr'>qui</span> <span class='ocrx_word' id='word_1_156' title='bbox 1003 2821 1167 2896; x_wconf 83' lang='lat' dir='ltr'>dolorem</span> 
     </span>
    </p>

    <p class='ocr_par' dir='ltr' id='par_1_13' title="bbox 173 2933 1167 3038">
     <span class='ocr_line' id='line_1_22' title="bbox 173 2933 1167 3038; baseline 0.006 -30"><span class='ocrx_word' id='word_1_157' title='bbox 173 2937 388 3035; x_wconf 85' lang='lat' dir='ltr'>“patienter</span> <span class='ocrx_word' id='word_1_158' title='bbox 415 2933 538 3014; x_wconf 79' lang='lat' dir='ltr'>serant.</span> <span class='ocrx_word' id='word_1_159' title='bbox 588 2945 712 3037; x_wconf 89' lang='lat' dir='ltr'>Atque</span> <span class='ocrx_word' id='word_1_160' title='bbox 734 2963 810 3038; x_wconf 81' lang='lat' dir='ltr'>ego</span> <span class='ocrx_word' id='word_1_161' title='bbox 838 2942 929 3014; x_wconf 87' lang='lat' dir='ltr'>hanc</span> <span class='ocrx_word' id='word_1_162' title='bbox 961 2939 1167 3015; x_wconf 79' lang='lat' dir='ltr'>sententiam</span> 
     </span>
    </p>

    <p class='ocr_par' dir='ltr' id='par_1_14' title="bbox 172 3058 1175 3162">
     <span class='ocr_line' id='line_1_23' title="bbox 172 3058 1175 3162; baseline 0.003 -33"><span class='ocrx_word' id='word_1_163' title='bbox 172 3064 202 3152; x_wconf 88' lang='lat'>‘.‘</span> <span class='ocrx_word' id='word_1_164' title='bbox 221 3058 406 3162; x_wconf 83' lang='lat' dir='ltr'>probarem</span> <span class='ocrx_word' id='word_1_165' title='bbox 419 3087 436 3144; x_wconf 83' lang='lat'>3·</span> <span class='ocrx_word' id='word_1_166' title='bbox 457 3081 541 3132; x_wconf 88' lang='lat' dir='ltr'>nam</span> <span class='ocrx_word' id='word_1_167' title='bbox 557 3060 653 3156; x_wconf 86' lang='lat' dir='ltr'>apud</span> <span class='ocrx_word' id='word_1_168' title='bbox 671 3083 729 3130; x_wconf 80' lang='lat' dir='ltr'>nte</span> <span class='ocrx_word' id='word_1_169' title='bbox 752 3079 891 3132; x_wconf 87' lang='lat' dir='ltr'>tantum</span> <span class='ocrx_word' id='word_1_170' title='bbox 920 3060 1072 3156; x_wconf 83' lang='lat' dir='ltr'>dignitas</span> <span class='ocrx_word' id='word_1_171' title='bbox 1100 3059 1175 3156; x_wconf 51' lang='lat' dir='ltr'>p&#39;od</span> 
     </span>
    </p>

    <p class='ocr_par' dir='ltr' id='par_1_15' title="bbox 142 3176 1253 3637">
     <span class='ocr_line' id='line_1_24' title="bbox 172 3176 1253 3276; baseline 0.001 -25"><span class='ocrx_word' id='word_1_172' title='bbox 172 3183 204 3224; x_wconf 66' lang='lat' dir='ltr'>‘f</span> <span class='ocrx_word' id='word_1_173' title='bbox 219 3176 310 3264; x_wconf 77' lang='lat' dir='ltr'>test3</span> <span class='ocrx_word' id='word_1_174' title='bbox 338 3179 529 3267; x_wconf 74' lang='lat' dir='ltr'>similam,</span> <span class='ocrx_word' id='word_1_175' title='bbox 561 3191 796 3276; x_wconf 72' lang='lat' dir='ltr'>praeterquam</span> <span class='ocrx_word' id='word_1_176' title='bbox 817 3178 899 3252; x_wconf 88' lang='lat' dir='ltr'>vitae</span> <span class='ocrx_word' id='word_1_177' title='bbox 928 3176 1105 3267; x_wconf 84' lang='lat' dir='ltr'>nostrae,</span> <span class='ocrx_word' id='word_1_178' title='bbox 1089 3202 1164 3276; x_wconf 84' lang='lat' dir='ltr'>Jac·</span> <span class='ocrx_word' id='word_1_179' title='bbox 1248 3195 1253 3202; x_wconf 85' lang='grc'><strong><em>’</em></strong></span> 
     </span>
     <span class='ocr_line' id='line_1_25' title="bbox 142 3295 1173 3398; baseline 0.001 -27"><span class='ocrx_word' id='word_1_180' title='bbox 142 3309 143 3314; x_wconf 77' lang='grc'>’</span> <span class='ocrx_word' id='word_1_181' title='bbox 173 3304 216 3344; x_wconf 69' lang='lat' dir='ltr'>rr</span> <span class='ocrx_word' id='word_1_182' title='bbox 214 3317 338 3372; x_wconf 85' lang='lat' dir='ltr'>turam</span> <span class='ocrx_word' id='word_1_183' title='bbox 361 3297 439 3372; x_wconf 88' lang='lat' dir='ltr'>fieri</span> <span class='ocrx_word' id='word_1_184' title='bbox 463 3297 646 3371; x_wconf 77' lang='lat' dir='ltr'>viderem.</span> <span class='ocrx_word' id='word_1_185' title='bbox 678 3295 770 3372; x_wconf 83' lang='lat' dir='ltr'>se&#39;d</span> <span class='ocrx_word' id='word_1_186' title='bbox 762 3323 798 3370; x_wconf 88' lang='grc' dir='ltr'>ιιι</span> <span class='ocrx_word' id='word_1_187' title='bbox 828 3297 969 3372; x_wconf 81' lang='lat' dir='ltr'>consilio</span> <span class='ocrx_word' id='word_1_188' title='bbox 993 3297 1173 3398; x_wconf 84' lang='lat' dir='ltr'>capiendo</span> 
     </span>
     <span class='ocr_line' id='line_1_26' title="bbox 173 3397 1165 3518; baseline 0.005 -27"><span class='ocrx_word' id='word_1_189' title='bbox 173 3424 206 3466; x_wconf 84' lang='lat'><strong><em>“</em></strong></span> <span class='ocrx_word' id='word_1_190' title='bbox 222 3397 371 3492; x_wconf 78' lang='lat' dir='ltr'>omnent</span> <span class='ocrx_word' id='word_1_191' title='bbox 385 3415 541 3494; x_wconf 81' lang='lat' dir='ltr'>Gaiiiant</span> <span class='ocrx_word' id='word_1_192' title='bbox 556 3416 789 3518; x_wconf 86' lang='lat' dir='ltr'>respiciamus,</span> <span class='ocrx_word' id='word_1_193' title='bbox 820 3439 928 3518; x_wconf 88' lang='lat' dir='ltr'>quarn</span> <span class='ocrx_word' id='word_1_194' title='bbox 946 3419 990 3499; x_wconf 89' lang='lat' dir='ltr'>ad</span> <span class='ocrx_word' id='word_1_195' title='bbox 1008 3417 1165 3518; x_wconf 81' lang='lat' dir='ltr'>nostrum</span> 
     </span>
     <span class='ocr_line' id='line_1_27' title="bbox 174 3537 1163 3637; baseline 0.002 -24"><span class='ocrx_word' id='word_1_196' title='bbox 174 3537 393 3614; x_wconf 78' lang='lat' dir='ltr'>“auxilium</span> <span class='ocrx_word' id='word_1_197' title='bbox 408 3539 674 3615; x_wconf 82' lang='lat' dir='ltr'>concitavimus</span> <span class='ocrx_word' id='word_1_198' title='bbox 723 3539 852 3637; x_wconf 79' lang='lat' dir='ltr'>Qrid,</span> <span class='ocrx_word' id='word_1_199' title='bbox 863 3539 1049 3616; x_wconf 89' lang='lat' dir='ltr'>hominum</span> <span class='ocrx_word' id='word_1_200' title='bbox 1071 3539 1163 3615; x_wconf 87' lang='lat' dir='ltr'>nrili-</span> 
     </span>
    </p>
   </div>
   <div class='ocr_carea' id='block_1_3' title="bbox 174 3653 1163 3871">
    <p class='ocr_par' dir='ltr' id='par_1_16' title="bbox 174 3653 1163 3871">
     <span class='ocr_line' id='line_1_28' title="bbox 174 3653 1163 3760; baseline 0.01 -29"><span class='ocrx_word' id='word_1_201' title='bbox 174 3659 207 3704; x_wconf 86' lang='lat'><em>“</em></span> <span class='ocrx_word' id='word_1_202' title='bbox 219 3658 291 3739; x_wconf 81' lang='lat' dir='ltr'>bue</span> <span class='ocrx_word' id='word_1_203' title='bbox 303 3683 410 3737; x_wconf 68' lang='lat' dir='ltr'>cxxx</span> <span class='ocrx_word' id='word_1_204' title='bbox 426 3661 502 3736; x_wconf 78' lang='lat' dir='ltr'>uni&gt;</span> <span class='ocrx_word' id='word_1_205' title='bbox 519 3661 613 3736; x_wconf 84' lang='lat' dir='ltr'>ioco</span> <span class='ocrx_word' id='word_1_206' title='bbox 620 3655 820 3751; x_wconf 72' lang='lat' dir='ltr'>interfectis,</span> <span class='ocrx_word' id='word_1_207' title='bbox 847 3653 1054 3760; x_wconf 88' lang='lat' dir='ltr'>propinquis</span> <span class='ocrx_word' id='word_1_208' title='bbox 1076 3679 1163 3740; x_wconf 56' lang='lat' dir='ltr'>cortu</span> 
     </span>
     <span class='ocr_line' id='line_1_29' title="bbox 638 3779 921 3871; baseline 0.039 -20"><span class='ocrx_word' id='word_1_209' title='bbox 638 3779 675 3852; x_wconf 92' lang='lat' dir='ltr'>T</span> <span class='ocrx_word' id='word_1_210' title='bbox 699 3805 724 3871; x_wconf 89' lang='lat'>4</span> <span class='ocrx_word' id='word_1_211' title='bbox 919 3817 921 3826; x_wconf 63' lang='lat'><strong><em>¹</em></strong></span> 
     </span>
    </p>
   </div>
   <div class='ocr_carea' id='block_1_4' title="bbox 0 0 1435 4752">
    <p class='ocr_par' dir='ltr' id='par_1_17' title="bbox 0 0 1435 4752">
     <span class='ocr_line' id='line_1_30' title="bbox 0 0 1435 4752; baseline 0 0"><span class='ocrx_word' id='word_1_212' title='bbox 0 0 1435 4752; x_wconf 95' lang='lat' dir='ltr'> </span> 
     </span>
    </p>
   </div>
  </div>
 </body>
</html>
