2866 4754
143 409 145 422 ¹
220 417 266 495 92
463 481 466 488 ¹
490 395 534 474 C.
558 391 694 496 J'natr
720 393 930 476 Casama

218 591 334 666 neque
348 593 394 641 ex
410 565 570 646 inferiore
587 571 668 646 loco
693 569 770 646 satis
785 546 976 657 commode
1002 569 1070 643 tela
1096 563 1200 668 adjici

121 750 124 755 .
217 688 366 784 possent,
407 687 446 763 δι’
476 691 575 766 missa
603 692 648 766 ab
672 687 788 766 Gallis
819 691 957 792 gravius
991 688 1199 767 acciderent.

216 809 301 882 Una
316 827 389 883 erat
401 825 531 910 magno
542 810 616 886 usui
632 837 687 888 rea
697 828 886 912 praeparata
901 839 923 888 a
938 810 1075 902 nostris,
1094 809 1200 888 falces

217 949 410 1027 praeacutae,
438 930 568 1006 insertae
586 934 787 1032 adfixaeque.
807 932 990 1033 longuriis,
1018 953 1089 1006 non
1112 935 1199 1008 abfi·

94 1055 95 1060 ’
210 1049 293 1123 ωἱ1ἰ
310 1048 425 1126 forma
445 1052 635 1128 muralium
657 1051 812 1129 falcium.
862 1053 933 1129 His
950 1071 1061 1151 quum
1086 1053 1199 1148 funes,

217 1171 278 1274 qui
296 1185 475 1248 antemnas
496 1174 542 1247 ad
555 1175 668 1248 malos
691 1175 921 1266 destinabant,
947 1177 1198 1272 comprehensi,
1269 1254 1274 1263 ,

211 1291 430 1391 addustique
463 1313 572 1384 erant,
607 1293 751 1393 navigio
779 1295 884 1370 remis
916 1293 1073 1386 incitato,
1108 1316 1197 1394 prae·

216 1415 479 1510 rumpebantur.
508 1414 647 1513 Qnibus
663 1415 815 1505 abscisis,
827 1413 1001 1490 antemnae
1016 1417 1199 1490 necessario

215 1532 463 1623 concidebant,
500 1519 553 1624 ut,
583 1559 696 1634 quum
726 1534 839 1608 omnis
867 1534 1011 1608 Gallicis
1050 1533 1199 1608 navibus

215 1651 291 1750 spes
305 1652 340 1725 in
356 1653 441 1726 velis
456 1652 746 1752 armamentisque
757 1653 966 1745 consisteret,
990 1652 1043 1727 his
1059 1653 1198 1752 ereptis,

215 1772 329 1847 omnis
346 1772 425 1847 usus
442 1773 586 1861 navium
607 1799 681 1847 uno
703 1793 862 1870 tempore
876 1772 1072 1871 eriperetur.
1123 1778 1197 1850 Re·

215 1891 353 1992 liquum
383 1915 458 1970 erat
484 1914 659 1969 certamen
688 1896 839 1991 positum
875 1893 912 1966 in
939 1893 1089 1981 virtute;
1129 1875 1220 1994 qua*

216 2015 322 2118 nostri
353 2015 479 2091 milites
505 2014 607 2090 facile
627 2012 850 2116 superabant,
872 2033 976 2114 atque
1000 2019 1043 2088 e'o
1070 2016 1196 2115 magis,
1287 2067 1291 2076 ·

215 2136 313 2236 quod
331 2135 367 2210 in
384 2135 570 2237 conspestu
585 2134 740 2228 Caesaris,
770 2156 875 2236 atque
895 2135 1010 2212 omnis
1025 2136 1199 2210 exercitus

213 2283 268 2332 res
298 2261 483 2357 gerebatur
495 2287 507 2346 3
538 2279 578 2332 ut
601 2259 740 2332 nullum
765 2258 884 2355 paullo
914 2255 1036 2332 fortius
1063 2253 1197 2332 fastum

214 2379 321 2452 latere
349 2381 482 2475 pollet:
508 2377 748 2451 omnes-enim
764 2377 884 2465 colles,
907 2401 950 2482 ae
968 2377 1045 2449 loca
1067 2376 1196 2476 superi-

213 2523 289 2590 ora,
317 2499 412 2572 unde
427 2517 500 2572 erat
516 2496 737 2596 propinquus
752 2493 933 2595 despeslus
959 2494 997 2570 in
1006 2487 1123 2588 mare,
1151 2499 1198 2572 ab

159 2714 161 2718 ι
213 2618 370 2694 exercitu
388 2621 604 2693 tenebantur.

262 2742 345 2814 XV.
369 2737 543 2838 Disjeslis,
557 2760 597 2813 ut
609 2737 776 2830 diximus,
800 2736 985 2830 antemnis,
1007 2763 1118 2838 quum
1132 2742 1197 2813 sm·

214 2861 313 2958 gulas
330 2859 421 2934 binae
439 2879 600 2946 aeterna
617 2884 723 2934 naves
740 2858 1051 2950 circumsteterant,
1069 2859 1198 2935 milites

213 2979 351 3058 summa
373 2981 407 3058 vi
430 2979 667 3055 transcendere
690 2979 726 3053 in
752 2979 902 3057 hostiurn
924 3005 1031 3054 naves
1052 3001 1197 3057 conten·

212 3105 354 3178 debant.
403 3102 513 3201 Qrod
547 3102 732 3200 postquam
764 3101 902 3176 barbari
929 3099 1009 3174 vfieri
1038 3102 1198 3177 animad·

214 3243 403 3315 verterunt,
419 3223 630 3322 expugnatis
647 3219 888 3320 compluribus
903 3221 1066 3315 navibus,
1086 3249 1199 3322 quum

213 3345 245 3419 ei
263 3345 311 3418 rei
332 3347 473 3419 nullum
496 3342 704 3442 reperiretur
729 3341 914 3432 auxilium,
944 3340 1036 3441 fuga
1053 3343 1198 3418 salutem

213 3485 331 3562 petere
348 3466 615 3539 contenderunt.
668 3468 738 3553 Ac,
758 3461 835 3560 jam
863 3467 1034 3537 convertis
1058 3463 1197 3556 ineam

214 3604 347 3682 partem
365 3585 530 3681 navibus,
559 3610 631 3682 quo
647 3604 771 3657 ventus
800 3582 946 3674 ferebat,
971 3600 1066 3656 tanta
1082 3575 1197 3657 subito

214 3703 371 3796 malacia,
398 3731 439 3780 ac
454 3704 685 3803 tranquillitas
703 3703 843 3797 exstitit,
857 3723 897 3779 ut
912 3703 946 3779 se
961 3727 1006 3779 ex
1022 3703 1102 3778 loco
1119 3725 1196 3776 mo·
